2808 4394
250 429 291 461 10

455 259 543 306 DE
582 260 772 307 CONS.
814 259 1091 307 DVPLIC.
1124 260 1209 305 ΕΤ
1250 259 1568 315 LIQVIDIS
1609 260 1695 306 DE
1734 261 1910 310 LITT.
1943 261 2328 307 FINALIBVS
2415 264 2477 318 15

316 479 515 528 πτῶςιν
563 476 791 540 ςτοιχεῑά
840 476 943 529 ἑςτι
983 476 1167 529 πέντε·
1219 493 1250 530 ν
1304 481 1330 530 ξ
1381 493 1412 540 ρ
1466 494 1492 529 ς
1543 493 1609 541 ψ,
1655 474 1775 555 οἶρν
1832 476 2010 529 Δίων
2074 477 2307 531 Φοῖνιξ
2368 477 2477 530 Νέ-

317 577 486 624 ςτωρ
521 559 727 624 Πάρις
763 560 1018 642 Πέλοψ,
1094 562 1340 626 θηλυκῶν
1380 561 1438 613 δὲ
1476 559 1642 614 ὀκτώ·
1703 578 1737 613 α
1788 553 1819 625 ἦ
1873 579 1916 613 ω
1969 579 1999 614 ν
2053 567 2078 615 ξ
2124 579 2154 626 ρ
2197 579 2223 615 c
2265 579 2328 626 ψ,
2357 559 2478 613 οἷον

320 725 691 783 [Drscnnmnru
726 742 999 772 scnnvrvnxs
1031 742 1079 771 m
1109 726 1498 784 LGBVHAfb]
1615 726 1641 770 1
1680 722 2159 772 ἀνεπεκτάπων’κατ’
2189 731 2379 773 εὐθεῖαν
2409 731 2483 773 καὶ

315 797 475 852 ἑνικὴν
505 801 684 842 πτῶςιν
716 811 792 841 om
823 797 909 851 L‘,
942 797 1036 840 add
1067 797 1160 841 alia
1190 811 1370 851 manus,
1417 797 1613 842 sortasse
1646 797 1709 840 L²
1739 798 1787 840 in
1819 812 1921 854 mg3
1968 798 2037 841 ita
2066 800 2224 842 autem
2257 798 2480 842 detritum

317 867 694 926 additamentum
726 869 817 921 est,
851 869 905 911 ut
934 868 1061 911 certo
1094 867 1191 924 legi
1219 868 1308 912 hae
1341 870 1526 912 tantum
1555 868 1744 911 litterae
1775 868 1978 924 possint:
2020 902 2175 915 .....
2199 884 2287 913 κτα
2328 903 2481 916 .....

314 941 470 982 τευθει
503 971 646 986 .....
680 939 810 994 ἑνικη
837 972 846 982 .
873 973 882 982 .
907 970 917 981 .
941 951 980 981 ω
1004 972 1014 982 .
1039 972 1048 981 .
1073 953 1121 990 ν;
1155 938 1303 996 ceteri
1331 938 1441 982 libri
1462 951 1622 982 omnes
1642 938 1691 981 in
1712 940 1893 981 textum
1916 939 2110 994 recepta
2131 939 2308 983 habent
2339 939 2482 983 verba

315 1007 378 1064 (G
406 1011 617 1064 γενικὴν)
641 1008 708 1064 112
741 1012 910 1062 ςτοιχεῖ
939 1009 1033 1052 ἑςτί
1065 1007 1118 1061 G,
1152 1023 1273 1065 quae
1307 1008 1579 1065 corruptela
1607 1008 1717 1052 inde
1747 1009 2008 1064 repetenda
2037 1009 2123 1061 est,
2157 1008 2282 1064 quod
2306 1007 2340 1050 L
2364 1022 2480 1053 ςτοι-

318 1083 388 1132 χεῖ
417 1078 465 1121 in
497 1078 589 1122 fine
621 1091 782 1122 versus
810 1078 957 1122 habet
987 1079 1129 1134 atque
1160 1079 1295 1123 initio
1327 1079 1655 1134 subsequentis
1685 1079 1714 1122 ά
1746 1079 1862 1133 ἐςτι;
1901 1092 2043 1135 supra
2078 1079 2165 1122 hoc
2197 1080 2290 1123 ἑςτι
2321 1080 2480 1122 autem

314 1147 375 1190 L²
408 1148 591 1205 scripsit
621 1148 702 1192 εἰςι
728 1150 734 1204 2
759 1147 893 1192 iuxta
921 1149 1067 1193 verba
1097 1150 1192 1193 ἐςτι
1223 1150 1365 1193 πέντε
1397 1183 1541 1196 .....
1576 1151 1734 1193 Φοῖνιξ
1765 1149 1812 1191 in
1843 1148 1878 1191 L
1907 1163 1990 1205 mg
2019 1148 2151 1192 vides
2182 1149 2266 1192 has
2297 1148 2479 1192 litteras

316 1233 473 1274 κιρτος
503 1232 580 1272 γιν
610 1220 752 1273 atque
783 1218 1036 1276 vestigium
1067 1219 1276 1263 decimae
1307 1219 1496 1264 litterae
1527 1220 1789 1273 abstersae,
1823 1233 1939 1275 quas
1969 1219 2158 1263 videtur
2190 1218 2357 1263 eadem
2386 1233 2482 1262 ma-

310 1303 397 1333 nus
428 1287 740 1344 adscripsisse,
774 1302 804 1332 a
832 1302 927 1345 qua
954 1289 1022 1333 lin
1053 1296 1079 1334 3
1111 1293 1302 1334 exarata
1332 1292 1441 1334 sunt
1470 1292 1564 1335 ἐςτι
1595 1290 1701 1346 τρία
1737 1291 1754 1347 ΙΙ
1821 1290 1852 1334 3
1886 1291 2045 1345 πέλοψ
2075 1289 2152 1343 L¹,
2183 1291 2356 1344 πέλωψ
2378 1288 2481 1332 L²G

230 1495 234 1498 .
313 1444 698 1501 [Dmcnxmnrun
721 1460 778 1486 ΕΤ
800 1460 1071 1489 ΤΕΒΤΙΜΟΝῙΑ
1093 1461 1330 1489 scaomon.
1355 1448 1423 1500 (Σ
1441 1449 1492 1499 λ)
1525 1461 1838 1490 EROTEMATVM
1863 1449 1945 1500 (E)
1979 1460 2183 1489 Amonvm
2211 1444 2478 1501 scamma]

314 1518 406 1571 τὴν
437 1515 611 1560 αἰτίαν·
645 1515 736 1560 Εἰςὶ
767 1517 854 1571 γὰρ
886 1517 1234 1569 δυςμαθέςτατα
1265 1519 1341 1562 καὶ
1372 1518 1862 1571 δυςεξάλειπτάπως,
1895 1517 2184 1571 Ὑγροτάτης
2226 1516 2482 1570 ποιότητος

315 1589 597 1641 κολλητικῆς
646 1589 737 1641 τὴν
787 1588 939 1641 φύςιν.
1001 1587 1061 1631 Cf)
1101 1589 1152 1631 δὲ
1196 1590 1271 1632 καὶ
1309 1589 1488 1642 ταύτην
1521 1588 1727 1641 μάνθανε
1758 1588 1879 1642 τάχα
1911 1589 2280 1641 μουςικωτέρως.
2340 1587 2484 1640 Ὑγρὰ

315 1658 405 1712 γὰρ
435 1658 796 1711 κατωνόμαςται
825 1662 911 1712 τῆς
943 1663 1190 1713 προφορᾶς
1219 1663 1290 1713 τῷ
1324 1658 1451 1715 λείῳ,
1484 1672 1604 1714 quae
1634 1657 1977 1714 intelleguntur
2008 1658 2057 1700 et
2086 1656 2397 1700 emendantur
2427 1670 2485 1700 ex

319 1726 525 1770 eiusdem
558 1727 713 1770 verbis
743 1727 815 1770 his
852 1727 901 1770 in
932 1729 1152 1784 ἑρμηνείᾳ
1188 1743 1219 1784 p
1251 1733 1327 1772 72:
1361 1730 1508 1783 Ὑγρὰ
1547 1729 1598 1772 δὲ
1638 1728 1818 1784 εἴρηται
1857 1730 1916 1771 τὰ
1947 1729 2215 1782 ἀμετάβολα
2249 1759 2401 1773 .....
2433 1727 2483 1770 ἐκ

318 1800 589 1853 μεταφορᾶς
627 1801 728 1841 τῶν
765 1799 925 1852 ὑγρῶν
963 1799 1254 1853 χρωμάτων·
1306 1801 1462 1853 ὥςπερ
1502 1799 1590 1853 γὰρ
1622 1799 1776 1842 ἐκεῖνα
1807 1797 2141 1843 δυςεέάλειπτά
2171 1798 2319 1848 ἐςτιν,
2353 1798 2482 1840 οὕτω

316 1870 392 1911 καί
422 1871 572 1911 ταῦτα
602 1869 936 1922 δυςμετάθετα.
1000 1869 1068 1912 Οὐ
1108 1869 1197 1923 γὰρ
1237 1870 1518 1923 μεταβάλλει
1559 1870 1670 1913 οὔτε
1709 1870 1762 1913 ἐν
1800 1874 1902 1913 ταῖς
1934 1869 2129 1912 κλίςεςιν
2159 1868 2272 1911 οὔτε
2303 1868 2353 1911 ἑν
2382 1872 2485 1911 ταῖς

315 1939 558 1985 πτώςεςιν.
621 1939 703 1982 Καὶ
734 1939 762 1992 ἡ
798 1940 883 1992 μὲν
913 1939 1198 1994 ἀληθεςτὲρα
1229 1940 1442 1995 ἐξήγηςις
1483 1941 1602 1994 αὕτη
1635 1939 1775 1984 ἐςτίν.
1836 1940 1955 1983 Ἀπὸ
1986 1941 2036 1983 δέ
2074 1952 2128 1991 γε
2159 1941 2261 1981 τῶν
2292 1938 2345 1980 ἑν
2376 1951 2484 1991 μου-

315 2013 414 2064 ςικῇ
448 2010 723 2063 λεγομένων
752 2013 899 2053 τοῦτο
930 2011 1135 2053 ἐνταῦθα
1166 2011 1425 2065 κερδάναις,
1458 2012 1530 2054 ὅτι
1560 2012 1682 2064 ὑγρὰ
1711 2011 1934 2065 κέκληται
1965 2013 2117 2053 ταῦτα
2146 2010 2220 2052 διὰ
2249 2011 2340 2063 τὴν
2370 2009 2483 2064 ἀφέ-

321 2082 451 2123 λειαν
480 2083 566 2134 τῆς
598 2084 779 2135 φωνῆς.
841 2092 952 2136 ergo
973 2079 1071 2123 illic
1092 2079 1391 2124 scribendum
1411 2082 1730 2136 δυςμετάθετα
1758 2093 1843 2137 pro
1865 2080 2227 2133 δυςμαθέςτατα.
2275 2079 2381 2123 Non
2402 2092 2487 2136 pro

316 2151 445 2193 certo
491 2150 651 2193 autem
688 2150 793 2193 dico
831 2149 1038 2194 Psellum
1075 2150 1125 2193 in
1154 2151 1379 2207 Dionysio
1417 2151 1587 2208 legisse
1628 2152 1833 2208 priorem
1866 2149 2249 2206 explanationem
2286 2149 2484 2193 nominis

315 2219 618 2276 liquidarum,
651 2220 763 2276 quia
791 2220 908 2264 illud
938 2234 1126 2276 quoque
1159 2222 1358 2279 cogitari
1386 2223 1556 2278 potest,
1593 2223 1652 2266 ab
1684 2220 1953 2277 magistello
1984 2220 2205 2276 byzantio
2236 2235 2342 2264 cum
2372 2220 2481 2264 Dio-

317 2289 450 2346 nysio
497 2291 741 2335 confasum
790 2304 889 2334 esse
937 2291 1260 2336 scholiastam:
1313 2293 1382 2336 cfr
1429 2297 1478 2337 Σ
1506 2297 1616 2348 8179
1648 2291 1817 2349 (Steph
1837 2291 1885 2334 in
1907 2291 1966 2345 U)
2005 2312 2059 2327 =
2098 2290 2328 2335 ZGoettl
2349 2296 2484 2346 397-11

315 2361 330 2417 ΙΙ
428 2362 456 2406 1
503 2363 723 2406 ἀνεπεκτ.
763 2363 874 2406 κατ’
904 2363 1092 2407 εὐθεῖαν
1123 2365 1198 2407 καὶ
1231 2365 1390 2418 ἑνικὴν
1412 2367 1591 2408 πτῶςιν
1610 2376 1670 2406 ne
1692 2367 1741 2407 Σ
1758 2368 1841 2407 818
1853 2390 1885 2418 Π
1907 2363 2094 2418 quidem
2119 2361 2249 2416 (Mel)
2281 2361 2486 2418 legebat,

320 2431 402 2475 sed
421 2431 588 2488 potius
618 2431 856 2476 desiderat
883 2432 1000 2476 haec
1029 2432 1110 2476 ille
1142 2433 1391 2478 scholiasta
1421 2436 1470 2477 et
1499 2433 1717 2477 addenda
1737 2434 1898 2477 censet
1929 2432 2056 2488 (lin¹9
2086 2445 2171 2489 pro
2192 2435 2385 2488 γενικὴν
2414 2446 2485 2476 re·

319 2503 461 2546 stitue
509 2504 668 2558 ἑνικὴν
700 2503 749 2546 et
783 2503 895 2559 lin„3
932 2503 1057 2547 idem
1098 2517 1184 2560 pro
1215 2506 1422 2559 ἑνικῶν).
1481 2504 1654 2561 petivit
1683 2505 1843 2548 autem
1872 2503 1961 2547 hoc
1991 2502 2273 2547 desiderium
2303 2517 2398 2547 non
2429 2517 2486 2547 ex

320 2586 404 2616 suo
435 2572 581 2628 ipsius
611 2573 819 2630 ingenio,
852 2573 935 2617 sed
964 2587 1022 2617 ex
1053 2573 1376 2627 Choerobosci,
1409 2575 1490 2630 qui
1519 2575 1568 2618 in
1589 2574 1766 2622 Theod.
1790 2579 2012 2631 1227—139
2041 2573 2184 2631 plane
2216 2574 2383 2618 eadem
2414 2575 2483 2617 at-

317 2656 408 2698 que
439 2642 704 2700 Melampus
733 2648 1028 2700 81817—8191
1074 2644 1214 2689 docet
1251 2645 1512 2702 eademque
1551 2646 1810 2690 censendus
1850 2646 1921 2689 est
1956 2645 2005 2688 in
2044 2644 2256 2702 Dionysii
2294 2658 2482 2701 quoque

324 2713 656 2770 explanatione
693 2714 957 2770 protulisse.
1024 2729 1178 2771 neque
1218 2717 1267 2759 in
1306 2720 1393 2771 Eg,
1434 2717 1518 2760 ubi
1547 2716 1665 2760 haec
1697 2716 1754 2760 de
1792 2716 1962 2760 litteris
1999 2715 2220 2759 finalibus
2257 2716 2485 2772 expositio

317 2785 396 2838 (ab
436 2787 512 2829 Ev
548 2786 625 2829 Eb
655 2788 727 2830 Ει
766 2785 951 2842 omissa)
982 2788 1091 2842 post
1127 2791 1270 2844 caput
1310 2789 1416 2842 περὶ
1455 2789 1630 2833 λέξεαι(
1666 2787 1924 2840 invenitur,
1963 2786 2110 2830 verba
2144 2786 2228 2830 illa
2260 2786 2485 2843 leguntur

318 2856 331 2912 11
435 2855 571 2900 2-3
618 2854 845 2900 Choerob.
894 2861 1015 2912 26¹5:
1067 2858 1229 2901 τελικὰ
1281 2859 1535 2912 ἀρςενικῶν
1588 2859 1845 2913 ὀνομάτων
1886 2858 1998 2902 εἰςίν
2038 2858 2181 2901 πέντε
2221 2872 2248 2901 ν
2280 2860 2302 2902 ξ
2332 2871 2359 2911 ρ
2389 2871 2483 2911 ςψ,

318 2927 423 2970 οἷον
453 2927 586 2970 Δίων
619 2927 807 2982 Νέςτωρ
836 2927 986 2982 Πάρις
1029 2928 1184 2973 Φοῖνιξ
1223 2929 1416 2983 Πέλοψ,
1461 2928 1543 2972 ubi
1581 2929 1793 2972 ordinem
1835 2928 2155 2986 exemplorum
2191 2941 2285 2970 non
2324 2940 2482 2970 corru-

318 2996 450 3052 ptela
488 2998 642 3040 ortum
674 3011 771 3042 esse
813 3011 870 3041 ex
900 2998 1220 3055 disputatione
1251 2999 1555 3055 subsequenti
1586 3001 1846 3056 (1318—142)
1887 2999 2056 3043 elucet.
2119 2999 2263 3041 immo
2296 2997 2477 3041 littera-

321 3081 422 3110 rum
455 3067 569 3110 ordo
600 3068 920 3112 emendandus
951 3070 1034 3117 est,
1067 3071 1122 3112 ut
1151 3069 1437 3130 antecedant
1476 3069 1724 3125 simplices,
1755 3070 2010 3125 sequantur
2041 3068 2265 3125 duplices
2329 3082 2382 3112 ac
2414 3068 2480 3112 sic

315 3137 570 3194 dispositas
601 3151 677 3182 eas
706 3139 754 3181 in
786 3138 1010 3195 Dionysio
1039 3140 1294 3195 invenisse,
1334 3154 1427 3184 non
1458 3140 1557 3196 ipse
1589 3139 1870 3196 disposuisse
1899 3139 2087 3184 videtur
2118 3139 2482 3194 Choeroboscus,

321 3221 427 3252 cum
457 3208 573 3252 item
603 3209 652 3252 in
680 3212 754 3254 Eg
785 3210 924 3265 (quae
955 3211 1164 3267 alioquin
1194 3211 1244 3254 in
1274 3211 1437 3254 ordine
1468 3211 1734 3255 litterarum
1755 3211 1968 3254 finalium
2000 3224 2106 3254 cum
2129 3209 2354 3254 Choerob.
2386 3223 2482 3253 non

322 3279 608 3335 conspirant)
639 3279 851 3337 legamus
881 3295 908 3324 ν
937 3295 965 3337 ρ
996 3295 1018 3325 ς
1050 3285 1071 3327 ξ
1102 3271 1138 3338 ψ
1169 3282 1273 3327 οἷον
1306 3282 1439 3326 Δίων
1464 3283 1654 3336 Νέςτωρ
1685 3283 1832 3337 Πάρις
1865 3283 2026 3326 Φοῖνιξ
2056 3281 2238 3335 Πέλοψ.
2312 3282 2481 3336 (neque

322 3350 636 3394 omittendum
655 3350 845 3394 videtur
875 3351 1001 3407 quod
1031 3353 1174 3397 etiam
1196 3355 1386 3398 Aristot.
1417 3356 1543 3410 poet.
1565 3367 1604 3399 c.
1625 3358 1676 3395 21
1701 3366 1808 3395 eum
1829 3352 2044 3396 ordinem
2066 3351 2334 3395 litterarum
2364 3350 2477 3394 fina-

320 3423 437 3466 lium
465 3424 708 3468 nominum
737 3422 977 3483 masculin.
1007 3423 1167 3478 habet,
1199 3427 1253 3468 ut
1281 3424 1571 3481 simplicibus
1601 3422 1802 3467 subiciat
1831 3422 2060 3479 duplices)
2098 3423 2115 3478 [1
2250 3423 2280 3466 3
2312 3426 2361 3466 Σ
2381 3427 2483 3475 8192

321 3636 491 3693 legisse
524 3650 562 3679 ω
593 3637 648 3679 ut
674 3636 883 3680 litteram
922 3636 1111 3681 finalem
1149 3637 1393 3680 nominum
1424 3636 1775 3688 femininorum,
1813 3635 1905 3680 nisi
1941 3636 1990 3678 in
2020 3634 2113 3678 UH
2143 3647 2228 3691 pro
2260 3635 2378 3677 ἑπτά
2408 3633 2480 3675 in-

322 3707 564 3750 veniretur
592 3709 655 3762 ῆ1
823 3723 852 3752 α
882 3722 911 3764 η
945 3722 983 3751 ω
1015 3722 1042 3750 ν
1074 3711 1095 3752 ξ
1126 3722 1153 3762 ρ
1185 3722 1207 3752 ς
1237 3723 1273 3762 ψ
1305 3707 1448 3751 etiam
1481 3706 1706 3751 Choerob.
1737 3710 1886 3762 323123
1920 3720 1950 3751 α
1982 3719 2021 3748 ω
2053 3721 2082 3761 η
2113 3721 2140 3750 ν
2171 3717 2198 3760 ρ
2230 3719 2252 3748 ς
2283 3708 2304 3749 ξ
2327 3707 2474 3758 ψΕὲ,

325 3790 420 3833 qua
450 3791 554 3821 cum
593 3777 907 3834 discrepantia
944 3777 1150 3822 concinit
1186 3777 1364 3822 ibidem
1405 3777 1727 3832 exemplorum
1766 3776 1880 3821 ordo

327 3903 606 3963 [Lsc'momzs
640 3904 856 3961 Asusnn]
930 3904 1046 3960 1-p
1077 3905 1153 3961 16,
1177 3906 1208 3951 5
1239 3905 1286 3948 in
1316 3904 1542 3949 Armenia
1567 3904 1732 3961 lingua
1761 3907 1899 3961 (quae
1927 3917 2152 3961 generum
2184 3902 2479 3947 distinctione

325 3977 472 4029 caret)
505 3987 665 4019 omnes
695 3974 884 4018 litterae
913 3976 1103 4031 praeter
1133 3975 1385 4031 quinque
1415 3976 1536 4019 teste
1566 3975 1825 4032 interprete
1856 3974 2020 4018 finales
2051 3987 2150 4018 esse
2181 3975 2379 4029 possunt
2397 3985 2482 4016 no·

326 4045 521 4097 minum3
553 4045 687 4089 addit
716 4045 829 4088 duas
858 4044 1040 4089 litteras
1070 4046 1283 4101 usurpari
1312 4046 1370 4089 ad
1401 4045 1631 4103 pluralem
1662 4045 2017 4103 significandum
