2808 4394
378 283 483 336 212
1155 281 1544 329 CONSPECTVS
1575 284 1791 330 EORVM

386 409 454 453 De
487 425 586 465 sup
598 409 656 466 pl
668 423 691 453 e
702 425 748 452 m
760 424 784 453 e
798 409 918 453 ntis
947 410 1141 454 technes
1170 426 1201 467 p
1233 411 1563 456 XLVII-—LVI

547 479 616 523 De
649 480 968 525 Theodosii
999 481 1307 525 Alexandrini
1338 484 1653 527 canonibus
1686 499 1716 540 p
1747 484 1917 528 XLVII
1939 498 2021 540 seq

552 551 620 594 De
639 552 1074 608 supplementorum
1094 566 1212 607 quae
1231 554 1461 597 edidimus
1477 554 1628 610 primo
1648 558 1795 611 (περὶ
1818 571 1852 599 π
1864 570 1890 611 ρ
1902 570 1958 599 oc
1971 571 2010 612 ῳ
2024 558 2048 599 δ
2060 571 2074 599 ι
2086 557 2179 611 ῶν)
2196 571 2227 612 p
2245 556 2474 601 XLVIII—
2483 559 2542 602 LI

548 620 618 664 De
650 622 1088 679 supplementorum
1120 639 1164 680 q.
1196 638 1234 668 e.
1267 625 1471 668 secundo
1506 627 1558 681 (π
1571 629 1655 680 ερὶ
1685 627 1861 681 τέχνη
1876 627 1914 682 ε)
1945 642 1976 683 p
2010 627 2090 669 LII

547 691 617 735 De
649 692 1086 748 supplementorum
1119 710 1163 751 q.
1195 710 1236 740 e.
1269 695 1410 739 tertio
1443 698 1494 751 (π
1506 710 1526 739 ε
1540 698 1591 751 ρὶ
1624 712 1658 740 π
1670 698 1728 740 οδ
1743 700 1780 739 ῶ
1794 697 1837 751 ν)
1869 712 1900 753 p
1933 697 2013 740 LII
2036 711 2118 753 seq

545 761 614 806 De
647 764 1086 820 supplementorum
1118 781 1160 822 q.
1186 781 1226 814 e,
1252 767 1418 822 quarto
1453 766 1565 823 (tab.
1588 767 1912 810 flexionum
1944 769 2107 811 verbi
2135 770 2356 826 τύπτω)
2387 785 2418 827 p
2439 769 2543 814 LIII

548 832 618 877 De
649 834 817 878 horum
849 836 1285 893 supplementorum
1318 837 1480 881 ordine
1511 852 1542 892 p
1575 837 1677 880 LIII
1699 851 1779 893 seq

545 904 614 948 De
647 905 751 950 aliis
784 907 1125 963 supplementis
1157 923 1278 964 quae
1309 909 1529 952 inferiore
1562 910 1718 952 aetate
1750 908 1842 953 arti
1873 909 2058 953 adiecta
2079 912 2187 953 sunt
2217 925 2247 967 p
2281 910 2426 954 LIV—
2442 911 2544 956 LVI

1192 1047 1487 1093 Adalberti
1524 1047 1727 1093 Merxii
2191 1092 2193 1094 .

625 1124 685 1170 de
718 1125 848 1170 artis
880 1125 1218 1182 Dionysianae
1251 1126 1675 1183 interpretatione
1709 1126 1997 1172 armeniaca
2028 1126 2307 1184 disputatio

1223 1228 1254 1269 p
1280 1212 1695 1257 LVIII—LXXIII

374 1299 553 1352 Quibus
575 1299 747 1343 litteris
768 1298 925 1342 latinis
946 1298 1186 1355 signisque
1217 1313 1276 1341 ar
1286 1314 1332 1341 m
1343 1312 1367 1342 e
1378 1299 1433 1341 ni
1443 1313 1471 1342 a
1481 1313 1504 1342 c
1516 1312 1544 1342 a
1553 1313 1578 1342 e
1609 1299 1710 1342 litt
1719 1313 1743 1343 e
1754 1314 1777 1341 r
1786 1313 1814 1343 a
1824 1313 1848 1343 e
1882 1300 2099 1344 redditae
2121 1301 2216 1343 sint
2235 1315 2266 1356 p
2288 1299 2435 1344 LVIII
2453 1314 2536 1357 seq

375 1369 502 1423 Quae
534 1370 868 1415 contineantur
899 1369 1105 1413 editione
1137 1368 1171 1413 G
1181 1369 1198 1412 i
1209 1383 1230 1410 r
1239 1369 1268 1412 b
1279 1369 1295 1411 i
1307 1383 1332 1412 e
1343 1369 1399 1411 di
1411 1383 1438 1412 a
1447 1383 1476 1412 n
1488 1384 1516 1413 a
1545 1384 1576 1425 p
1610 1369 1687 1412 LX
1709 1384 1792 1425 seq

373 1441 443 1485 De
477 1441 776 1486 codicibus
808 1454 954 1483 manu
984 1440 1169 1497 scriptis
1198 1441 1606 1495 interpretationis
1637 1442 1932 1486 armeniacae
1964 1457 1995 1498 p
2027 1442 2152 1484 LXII

375 1511 478 1566 Qua
507 1513 688 1556 ratione
719 1511 969 1555 Armenius
999 1511 1048 1554 in
1078 1511 1433 1568 interpretando
1464 1510 1687 1568 Dionysio
1719 1527 1827 1556 usus
1858 1514 1919 1556 sit
1947 1528 1977 1569 p
2010 1512 2406 1557 LXIII—LXVIII

379 1583 618 1635 Quatenus
668 1583 1109 1638 interpretationem
1161 1583 1377 1626 adhiberi
1426 1583 1569 1627 liceat
1618 1583 1679 1627 ad
1728 1583 2022 1628 restituenda
2070 1583 2284 1640 Dionysii
2335 1583 2482 1628 verba

715 1668 746 1710 p
778 1652 1197 1698 LXVIII—LXXII

376 1723 477 1778 Quo
508 1726 772 1780 tempore
803 1724 1133 1781 interpretatio
1166 1726 1427 1781 composita
1457 1726 1517 1768 sit
1546 1740 1576 1782 p
1607 1724 1774 1769 LXXII
1796 1739 1879 1782 seq

1084 1864 1363 1910 Addenda
1403 1866 1461 1909 et
1499 1864 1830 1921 corrigenda

833 1940 887 1987 in
919 1942 1102 1998 quibus
1134 1943 1308 1988 insunt
1340 1942 1476 1999 Syrii
1508 1943 1810 2000 interpretis
1834 1943 2080 1988 lectiones

1291 2029 1608 2087 pLXxv-c

1265 2169 1521 2225 Dionysii
1559 2182 1651 2214 ars

1342 2263 1373 2305 p
1405 2253 1570 2292 3—101

541 2336 612 2382 De
642 2334 954 2393 grammatica
985 2334 1180 2388 eiusque
1210 2332 1425 2390 partibus
1455 2347 1486 2388 p
1520 2337 1545 2376 5
1567 2347 1649 2388 seq

540 2409 610 2452 De
642 2405 873 2451 recitandi
903 2406 1003 2450 arte
1034 2420 1065 2462 p
1099 2410 1124 2448 6

542 2479 611 2523 De
644 2478 914 2522 accentibus
945 2492 976 2534 p
1009 2481 1034 2519 6
1055 2489 1138 2530 seq

543 2551 612 2594 De
643 2547 1104 2606 interpunctionibus
1133 2561 1164 2603 p
1189 2551 1211 2589 7
1234 2559 1317 2600 seq
1349 2547 1420 2602 (=
1442 2550 1466 2598 ξ
1495 2552 1523 2590 4
1555 2547 1604 2590 et
1634 2552 1660 2590 5
1691 2546 1910 2590 editionis
1940 2545 2284 2601 Bekkerianae)

545 2621 667 2675 Quid
699 2621 760 2664 sit
788 2618 1042 2676 rhapsodia
1072 2619 1121 2661 et
1149 2616 1274 2660 unde
1305 2616 1572 2660 ducendum
1605 2618 1702 2660 eius
1733 2630 1903 2661 nomen
1934 2632 1965 2672 p
1997 2622 2023 2660 8
2056 2618 2128 2672 (=
2149 2620 2173 2668 ξ
2204 2616 2248 2670 6)

547 2692 616 2735 De
649 2691 894 2736 elementis
926 2690 1020 2733 sive
1051 2688 1221 2732 litteris
1251 2702 1282 2744 p
1315 2691 1454 2731 9—16
1486 2690 1557 2744 (=
1578 2691 1603 2740 ξ
1635 2688 1677 2743 7)

714 2763 772 2806 de
803 2761 1044 2806 vocalibus
1075 2775 1106 2817 p
1138 2765 1163 2804 9
1184 2773 1268 2815 seq

714 2834 772 2877 de
806 2831 1167 2878 consonantibus
1197 2845 1229 2887 p
1263 2834 1429 2873 11—14

456 2344 488 2736 Φωιροοιθμ

714 2906 772 2948 de
804 2904 976 2948 litteris
1007 2901 1248 2946 nominum
1280 2901 1497 2944 finalibus
1528 2915 1559 2957 p
1597 2906 1644 2944 15
1665 2915 1748 2957 seq

459 2985 482 3024 7
543 2977 762 3035 Syllabae
795 2975 1006 3020 definitio
1037 2990 1068 3031 p
1103 2978 1153 3017 16
1175 2987 1257 3028 seq
1290 2974 1361 3030 (=
1393 2975 1417 3024 ξ
1448 2972 1491 3027 8)

457 3057 483 3096 8
542 3050 611 3093 De
642 3049 785 3104 longa
815 3046 999 3103 syllaba
1027 3061 1058 3102 p
1095 3049 1259 3088 17—-19
1291 3046 1362 3100 (=
1393 3047 1417 3095 ξ
1449 3043 1494 3097 9)

457 3128 482 3166 9
544 3121 609 3164 De
639 3119 775 3163 brevi
807 3117 992 3173 syllaba
1020 3132 1051 3173 p
1086 3121 1138 3159 19
1159 3129 1241 3171 seq
1273 3117 1344 3170 (=
1377 3120 1401 3168 ἓ
1437 3115 1504 3168 10)

463 3198 481 3235 1

459 3268 479 3306 1

464 3339 484 3376 1

409 2983 423 2998 *ἱ

487 3198 513 3235 0
545 3196 613 3234 De
646 3188 881 3233 communi
912 3188 1094 3244 syllaba
1123 3201 1154 3242 p
1185 3191 1353 3230 20—22
1387 3188 1459 3242 (=
1490 3190 1514 3238 ξ
1550 3186 1617 3240 11)

490 3268 509 3306 1
543 3260 777 3304 Dictionis
809 3262 857 3305 et
887 3258 1119 3304 enuntiati
1151 3255 1446 3300 definitiones
1476 3271 1507 3312 p
1540 3261 1593 3299 22
1615 3269 1698 3311 seq
1730 3257 1801 3312 (=
1832 3258 1856 3308 ἕ
1890 3259 1940 3298 12
1973 3255 2020 3299 et
2053 3255 2122 3310 13)

489 3339 513 3377 2
544 3333 614 3378 De
645 3332 872 3375 nomine
905 3346 935 3388 p
967 3334 1135 3375 24-46
1168 3335 1240 3382 (--
1271 3332 1295 3381 ξ
1329 3328 1399 3383 14)

716 3403 925 3448 definitio
956 3400 1155 3446 nominis
1184 3414 1216 3456 p
1248 3404 1303 3442 24

713 3489 890 3532 genera
919 3490 949 3531 p
981 3480 1036 3518 24
1057 3488 1139 3529 seq

714 3546 892 3602 species
923 3546 1166 3602 primitiva
1197 3547 1246 3590 et
1275 3545 1490 3589 derivata
1520 3556 1551 3598 p
1582 3545 1749 3586 25-29

716 3617 885 3661 classes
917 3618 1101 3673 septem
1132 3617 1374 3661 nominum
1406 3613 1722 3658 derivatorum
1752 3624 1783 3665 p
1814 3613 2002 3653 25—29:

886 3693 923 3731 1.
967 3688 1344 3744 patronymicum
1374 3700 1405 3742 p
1437 3689 1491 3728 25
1513 3696 1596 3738 seq

401 2995 428 3383 wememcmww

884 3766 922 3805 2.
967 3759 1277 3815 possessivum
1306 3773 1338 3814 p
1370 3761 1423 3800 26
1441 3769 1523 3811 seq

883 3835 922 3874 3.
970 3830 1340 3887 comparativum
1373 3843 1404 3885 p
1436 3831 1489 3870 27
1508 3838 1591 3880 seq

970 3900 1309 3957 superlativum
1341 3914 1372 3956 p
1404 3903 1459 3943 28

883 3976 922 4015 5.
971 3971 1301 4015 diminutivum
1335 3986 1366 4027 p
1397 3974 1452 4014 ‘28

884 4048 925 4084 6.
974 4041 1381 4086 denominativum
1411 4055 1442 4096 p
1473 4046 1528 4084 29

885 4118 925 4157 7.
971 4113 1163 4158 verbale
1193 4127 1224 4168 p
1256 4117 1309 4156 29

883 3906 922 3943 2⁶³
