2808 4394
436 252 471 300 4
1175 252 1199 300 ξ
1234 253 1252 290 1
1315 247 1403 290 ΕΧ
1433 247 1579 292 REO.
1610 247 1874 293 PRIORE

435 374 683 430 Dionysius
721 369 918 416 vocatur
949 375 974 417 6
1005 376 1219 429 τεχνικός
1250 388 1278 418 a
1307 374 1459 418 Psello
1489 375 1538 418 in
1570 375 1741 431 ςτίχοις
1770 381 1825 420 98
1864 377 1912 419 et
1948 376 1997 418 in
2029 376 2250 433 ἑρμηνείᾳ
2279 381 2380 420 τῶν
2411 379 2593 422 δαςέων

438 449 512 490 καὶ
551 448 707 499 ψιλῶν
745 445 821 487 καὶ
861 445 1015 497 μέςων
1054 446 1297 499 ςτοιχείων
1326 461 1357 501 Ρ
1389 450 1466 500 69,
1510 448 1536 490 6
1567 447 1803 501 τεχνώςας
1835 446 1894 489 ab
1927 458 2158 501 anonymo
2189 446 2375 491 Barocc.
2409 447 2499 491 AO
2532 447 2597 491 ΙΙΙ

435 522 575 573 22333:
618 520 721 558 πῶς
750 517 825 559 καὶ
854 516 1028 569 τέχνην
1060 517 1086 559 6
1117 517 1354 570 τεχνώςας
1385 516 1563 560 τίθεται
1593 519 1685 571 τὴν
1714 518 2052 572 γραμματικήν,
2086 520 2161 561 καὶ
2192 517 2434 573 ἐμπειρίαν
2465 519 2596 563 αὖθις

435 590 617 642 ταύτην
650 586 868 643 ὁρίζεται;
906 585 1084 628 nudum
1123 591 1339 641 τεχνικοῦ
1381 600 1552 630 nomen
1591 589 1820 644 usurpant
1858 588 2046 643 praeter
2077 589 2220 634 αὐτός
2249 601 2505 645 pronomen
2537 588 2595 632 ad

435 658 707 714 Dionysium
746 655 1100 714 significandum
1139 657 1409 713 saepissime
1449 657 1592 700 etiam
1623 662 1688 712 Σ,
1731 671 1769 704 0.
1800 673 1845 714 g.
1875 662 1994 714 81633
2034 663 2135 713 8198
2174 655 2296 714 8'21¹7
2325 663 2444 714 82726
2476 662 2596 713 8362„

436 735 554 785 8392⁵3
593 734 713 784 84317
743 732 864 783 84513
907 729 933 770 6
972 728 1296 783 τεχνογράφος
1336 727 1602 783 appellatur
1631 733 1681 772 Σ
1709 733 1811 784 9165
1842 728 1971 784 (Hel)
2012 739 2047 773 σ
2083 743 2115 785 Ρ
2146 734 2240 784 4322
2270 729 2418 785 Hilg.‚
2458 730 2598 773 οὗτος

437 802 462 844 6
493 801 822 855 τεχνογράφος
853 796 1292 854 Σ916,5(Ξ1;οΡ11“Ρ),
1327 799 1352 841 6
1385 801 1472 841 νῦν
1502 799 1764 854 ἐξηγήςεως
1794 801 2045 853 τυγχάνων
2075 800 2400 855 τεχνογράφος
2421 804 2471 843 Σ
2498 805 2600 855 9353

438 872 458 930 s
462 871 587 927 Hel).
617 896 672 902 —-
986 870 1177 925 Θρᾷκα
1209 869 1449 912 auctorem
1480 871 1813 926 cognominant
1844 874 1894 914 Σ
1913 874 2013 926 6763
2045 869 2150 926 (qui
2179 870 2428 914 scholiasta
2449 869 2597 913 Choe—

434 942 681 985 roboscum
726 939 993 995 exscripsit,
1041 939 1108 982 cfr
1146 939 1294 996 praef.
1333 939 1391 982 LI
1430 940 1475 994 1)
1514 940 1563 983 et
1600 944 1652 984 Σ
1677 946 1794 997 723,3
1838 944 1919 996 (ex
1958 954 2050 995 quo
2089 940 2457 998 prolegomenon
2493 940 2598 984 loco

436 1013 655 1056 haustum
696 1011 789 1066 est,
829 1010 955 1065 quod
993 1009 1217 1065 permulti
1257 1010 1462 1066 codiceS,
1504 1011 1636 1054 velut
1664 1011 1699 1054 L
1738 1026 1769 1068 p
1805 1017 1876 1065 10,
1919 1012 2002 1055 sub
2041 1011 2130 1055 hoc
2166 1011 2306 1055 titulo
2341 1011 2600 1068 praebent:

440 1084 575 1128 Γὲνος
607 1082 854 1127 Διονυςίου
899 1084 985 1124 τοῦ
1018 1081 1201 1137 Θρᾳκὸς
1239 1085 1326 1124 τοῦ
1365 1082 1455 1136 τὴν
1494 1083 1668 1138 τέχνην
1701 1084 2105 1138 ςυγγραψαμένου)
2145 1083 2194 1126 et
2222 1086 2273 1126 Σ
2300 1082 2475 1126 Goettl.
2506 1086 2600 1137 5516

434 1154 483 1196 in
514 1154 556 1196 H
587 1155 635 1197 et
662 1151 906 1208 inscriptio
939 1164 995 1194 ea
1026 1151 1401 1194 commentarioli
1431 1163 1481 1205 σ,
1515 1165 1656 1207 quam
1685 1153 1884 1209 praebet
1912 1153 2255 1197 Laurentianus
2276 1152 2510 1196 LXXXVI
2532 1156 2600 1196 25.

435 1224 609 1268 Eorum
640 1235 827 1278 quoque
856 1221 1098 1275 librorum,
1131 1222 1212 1276 qui
1243 1222 1392 1265 artem
1414 1220 1753 1277 Dionysianam
1782 1224 1838 1266 in.
1862 1224 2135 1268 catechismi
2154 1225 2352 1268 formam
2375 1223 2604 1268 exhibent

437 1295 693 1347 redactam,
723 1306 817 1336 non
846 1291 963 1334 nulli
993 1293 1118 1335 certe
1150 1291 1363 1347 Dionysii
1392 1291 1582 1336 Thracis
1613 1293 1800 1336 nomine
1832 1295 1986 1338 ornati
2016 1295 2137 1349 sunt,
2166 1294 2299 1338 velut
2328 1294 2408 1349 qui
2437 1294 2602 1350 legun-

437 1368 513 1408 tur
543 1365 592 1408 in
623 1363 831 1407 Parisino
863 1367 975 1406 2546
1007 1365 1056 1405 et
1084 1362 1133 1405 in
1164 1361 1520 1406 Vindobonensi
1549 1362 1737 1406 LXXIX
1775 1366 1901 1421 apud
1931 1365 2109 1409 Nessel.
2139 1365 2204 1408 IV
2241 1379 2272 1421 p
2303 1369 2381 1418 48,
2421 1378 2478 1408 ex
2508 1377 2601 1419 quo

437 1436 660 1492 excerpta
696 1450 742 1491 Ρ.
785 1434 814 1480 i.
855 1432 968 1476 fecit
997 1432 1262 1476 MSchmidt
1291 1432 1456 1476 Philol.
1493 1432 1597 1476 VIII
1627 1438 1709 1477 516
1741 1437 1826 1489 (Eg
1856 1438 1923 1479 EV
1954 1437 2023 1479 Eb
2056 1438 2117 1480 Et
2154 1449 2264 1479 vero
2302 1449 2361 1479 ne
2393 1434 2603 1491 Dionysii

442 1506 632 1561 quidem
662 1518 831 1548 nomen
861 1504 1040 1547 habent
1069 1503 1379 1559 inscriptum).
1440 1503 1532 1546 Alii
1564 1504 1835 1561 scriptoreS,
1879 1506 1959 1562 qui
1997 1505 2055 1550 de
2087 1505 2280 1562 singulis
2309 1505 2461 1549 libelli
2489 1505 2603 1548 locis

436 1577 510 1621 vel
549 1576 605 1620 de
647 1577 749 1619 tota
787 1575 886 1618 arte
928 1573 1204 1618 disserentes
1242 1575 1481 1618 auctorem
1519 1575 1761 1631 appellant
1799 1575 2074 1632 Dionysium
2106 1577 2350 1634 Thracem,
2390 1576 2441 1619 hi
2469 1576 2601 1621 sunt:

438 1648 606 1691 Sextus
637 1647 689 1690 E.
723 1646 828 1689 adv.
859 1659 1056 1700 gramm.
1090 1649 1114 1697 g
1146 1649 1215 1692 57,
1256 1650 1325 1690 63.
1367 1650 1436 1688 72.
1478 1650 1561 1690 250
1597 1646 1726 1702 (vide
1764 1647 1887 1691 infra
1916 1649 1977 1692 ad
2006 1663 2038 1703 Ρ
2070 1653 2108 1699 5,
2143 1650 2208 1704 3),
2257 1647 2526 1705 Doxopater
2553 1646 2604 1689 in

438 1718 679 1775 Aphthon.
710 1717 752 1759 II
775 1721 873 1770 2001
917 1715 1042 1771 (vide
1075 1715 1135 1758 ad
1170 1729 1201 1770 Ρ
1233 1719 1274 1771 5,
1306 1717 1364 1770 3),
1397 1716 1536 1760 Mich.
1569 1716 1809 1771 Syncellus
1840 1716 1889 1760 in
1919 1718 2040 1762 libro
2073 1721 2180 1773 περὶ
2211 1719 2475 1764 ςυντάξεως
2504 1722 2605 1762 τῶν

441 1789 668 1844 ῥημάτων
707 1787 787 1844 qui
828 1787 939 1830 olim
972 1785 1175 1843 Georgio
1205 1786 1451 1842 Lecapeno
1490 1787 1789 1831 tribuebatur
1827 1788 1895 1831 fol
1924 1795 2028 1833 201v
2059 1789 2184 1846 (vide
2216 1791 2277 1833 ad
2306 1804 2337 1846 p
2359 1795 2428 1844 72,
2459 1791 2605 1843 4-5),

443 1858 720 1903 Pachomius
750 1858 893 1902 Rhus.
925 1857 974 1900 in
996 1856 1210 1900 Naniano
1243 1861 1325 1901 305
1345 1872 1377 1914 p
1400 1861 1496 1912 511,
1530 1870 1787 1914 anonymus
1817 1859 2103 1904 Matritensis
2135 1860 2262 1915 apud
2282 1861 2433 1908 Iriart.
2453 1874 2484 1916 p
2506 1864 2603 1914 314,

435 1930 663 1986 [Sergius]
711 1929 759 1972 in
805 1928 979 1975 Donat.
1017 1927 1083 1971 IV
1128 1932 1231 1982 5297
1276 1927 1356 1983 qui
1387 1942 1494 1972 eum
1531 1927 1709 1973 ibidem
1753 1928 2011 1974 Aristarchi
2056 1930 2337 1989 discipulum
2378 1932 2427 1975 et
2466 1931 2604 1974 domo

437 2000 777 2045 Alexandrium
816 2000 1028 2044 nominat
1057 1997 1188 2055 (vide
1222 1998 1282 2042 ad
1311 2013 1342 2055 p
1375 2003 1425 2055 7,
1461 2001 1523 2052 1).
1584 1999 1733 2043 Erant
1770 2001 1930 2044 autem
1968 2001 2062 2045 iam
2099 2002 2223 2046 inter
2252 2009 2433 2047 veteres
2460 2002 2603 2045 inter-

437 2073 594 2127 pretes
634 2071 715 2126 qui
754 2071 1029 2127 Dionysium
1069 2070 1301 2114 Thracem
1339 2069 1690 2114 Aristarcheum
1729 2071 1778 2114 et
1814 2071 2222 2128 technographum
2260 2073 2463 2117 eundem
2503 2085 2603 2116 0880

443 2143 674 2199 negarent
704 2142 846 2198 atque
878 2143 961 2185 aut
990 2140 1220 2185 Thracem
1251 2141 1401 2184 artem
1432 2155 1525 2185 non
1557 2142 1794 2198 scripsisse
1827 2143 2072 2187 censerent
2101 2145 2183 2187 aut
2213 2143 2328 2188 duos
2358 2143 2606 2199 Dionysios

441 2213 645 2257 Thraces
677 2213 1042 2270 distinguerent,
1075 2215 1124 2255 Σ
1149 2216 1269 2267 67210
1297 2237 1345 2266 24·
1378 2238 1433 2244 —
1748 2214 1774 2256 6
1807 2213 2122 2259 Βυζάντιος
2158 2216 2454 2272 nuncupatur
2491 2214 2605 2259 artis

442 2287 606 2328 auctor
652 2284 711 2327 ab
753 2283 970 2339 Syncello
1016 2283 1063 2325 in
1101 2282 1249 2338 praef.
1287 2283 1398 2326 libri
1435 2283 1574 2327 modo
1613 2282 1816 2326 laudatiz
1862 2286 2016 2329 πολλὰ
2054 2288 2162 2341 περὶ
2200 2287 2349 2342 αὐτῆς
2388 2286 2488 2343 (8011
2518 2290 2605 2341 τῆς

439 2356 721 2409 ςυντάξεως)
743 2359 844 2398 τοῖς
866 2353 1072 2409 ἀρχαίοις
1093 2354 1453 2409 διαπεπόνηται,
1488 2354 1796 2410 Ἀπολλωνίῳ
1830 2370 1883 2399 τε
1905 2360 1973 2411 τῷ
1997 2357 2280 2412 ςοφωτάτῳ,
2313 2361 2384 2412 τῷ
2405 2357 2605 2411 ἐπίκλην

437 2427 689 2482 Δυςκόλῳ,
729 2427 806 2468 καὶ
839 2426 1111 2480 Ἡρωδιανῷ
1150 2429 1220 2480 τῷ
1262 2427 1664 2481 πολυμαθεστάτῳ
1705 2428 1780 2470 καὶ
1813 2427 2123 2484 Ἀπολλωνίῳ
2162 2433 2233 2483 τῷ
2272 2429 2369 2485 νέῳ
2400 2429 2610 2472 καὶτοῖς

441 2499 742 2541 Ἀττικιςταῖς
793 2497 868 2539 καὶ
902 2495 1131 2551 Ἀρκαδίῳ
1177 2501 1247 2553 τῷ
1297 2497 1563 2552 ςοφωτάτῳ
1604 2499 1681 2540 καὶ
1719 2497 1950 2553 Διονυςίῳ
1990 2502 2061 2554 τῷ
2104 2499 2365 2553 Βυζαντίῳ,
2411 2490 2494 2542 ubi
2533 2503 2604 2554 τῷ

444 2569 712 2625 ςοφωτάτῳ
745 2569 821 2611 καὶ
851 2566 1084 2620 Διονυςίῳ
1115 2566 1262 2610 verba
1293 2567 1461 2611 omissa
1499 2566 1583 2610 illa
1613 2567 1804 2622 quidem
1834 2567 1882 2610 in
1915 2567 2198 2612 editionibus
2230 2569 2457 2612 exhibent
2484 2570 2604 2613 teste

445 2638 630 2696 Eggero
671 2638 909 2694 (Apollon.
949 2636 1086 2692 Dysc.
1117 2652 1148 2693 p
1181 2640 1282 2693 234)
1331 2638 1465 2683 codd.
1495 2637 1695 2682 Parisini
1725 2642 1836 2682 2535
1875 2639 1924 2682 et
1953 2642 2079 2683 2557.
2160 2640 2304 2695 atque
2344 2652 2603 2695 anonymus

441 2709 610 2752 codicis
650 2709 825 2752 Matrit.
856 2706 1087 2751 LXXXIII
1123 2707 1191 2751 fol
1222 2713 1276 2753 55
1314 2708 1441 2764 apud
1472 2708 1626 2752 Iriart.
1666 2723 1703 2764 Ρ.
1730 2714 1812 2753 314
1848 2709 1965 2753 haec
1996 2709 2176 2754 scribit:
2229 2712 2431 2766 Ἀρχαῖοι
2461 2721 2603 2766 γραμ-

442 2783 624 2834 ματικοὶ
670 2780 975 2835 Ἡλιόδωρος·
1023 2779 1223 2824 Ἀπίων·
1276 2781 1513 2835 Τρύφων·
1567 2781 1776 2835 Ἅβρων·
1843 2779 2156 2835 Ἀρίςταρχος·
2211 2781 2531 2826 Ἀπολλώνιος
2577 2783 2604 2826 6

441 2853 701 2896 Δύςκολος·
733 2851 788 2894 οὗ
812 2852 1100 2906 Ἡρωδιανὸς
1120 2851 1242 2895 υἱός·
1265 2851 1511 2895 Διονύςιος
1534 2852 1560 2894 6
1583 2852 1705 2909 Θρᾷξ
1729 2851 1993 2905 Βυζάντιος,
2025 2852 2279 2907 ςύγχρονος
2302 2853 2605 2908 Ἀριςτοτέλει

442 2925 517 2965 καὶ
562 2922 873 2978 Πραξιφάνει·
922 2923 1063 2967 οὗτος
1109 2923 1134 2965 6
1181 2922 1424 2969 Διονύςιος
1470 2922 1697 2977 ἀγράφως
1740 2923 1937 2977 ἀςκήςας
1982 2924 2072 2977 τὴν
2116 2923 2306 2979 τέχνην,
2352 2924 2603 2979 ἐγγράφως

442 2997 633 3048 πρῶτος
666 2994 908 3047 ἐξέδωκεν,
940 2994 1027 3037 οὐκ
1058 2994 1108 3036 ἐκ
1140 2993 1404 3048 προςῳδίας
1434 2993 1705 3048 ἀρξάμενος,
1738 2994 1841 3037 ἀλλ’
1863 2993 1914 3037 ἐκ
1934 2996 2020 3037 τοῦ
2045 2994 2159 3049 ὅρου
2180 2997 2266 3049 τῆς
2285 2998 2604 3050 γραμματικῆς

443 3064 542 3118 (qui
589 3077 730 3117 quam
774 3063 985 3107 fabulam
1030 3065 1192 3107 narrat
1245 3063 1303 3107 de
1349 3062 1561 3120 Dionysii
1605 3065 1783 3117 aetate,
1838 3063 1935 3107 eius
1994 3064 2125 3121 origo
2171 3064 2384 3109 ducenda.
2429 3066 2515 3110 est*
2546 3079 2604 3110 ex

444 3138 491 3177 Σ
521 3139 639 3188 72922
668 3134 746 3177 vel
775 3139 824 3179 Σ
844 3135 980 3178 Cram
1001 3139 1125 3189 31¹0,
1157 3134 1239 3177 ubi
1269 3133 1578 3191 grammatica
1607 3135 1818 3191 perfecta
1848 3147 1946 3178 esse
1977 3134 2149 3178 dicitur
2179 3137 2305 3191 παρὰ
2335 3140 2436 3180 τῶν
2464 3137 2605 3192 Περι-

444 3210 734 3260 πατητικῶν,
775 3205 1105 3260 Πραξιφάνους
1150 3218 1203 3248 τε
1243 3207 1318 3248 καὶ
1359 3205 1743 3260 Ἀριςτοτέλους).
1809 3204 1880 3247 1118
1925 3205 2106 3248 duobus
2143 3205 2258 3249 locis
2304 3206 2364 3250 ad
2401 3208 2603 3263 patriam

445 3275 606 3318 urbem
644 3276 939 3319 referendum
986 3275 1171 3318 videtur
1210 3275 1424 3331 Byzantii
1463 3288 1744 3331 cognomen,
1784 3275 1850 3319 cfr
1881 3280 1930 3319 Σ
1967 3281 2105 3331 72324:
2154 3278 2211 3320 τὸ
2251 3278 2336 3330 μὲν
2374 3278 2512 3330 γένος
2542 3279 2604 3333 ἦν

445 3346 707 3399 Βυζάντιος,
741 3346 955 3389 ἐκαλεῖτο
986 3347 1036 3388 δέ
1067 3347 1214 3402 Θρᾷξ,
1253 3350 1323 3401 τῷ
1365 3346 1537 3400 μείζονι
1568 3347 1887 3401 κοςμούμενος
1924 3350 2009 3401 τῆς
2040 3347 2195 3401 χώρας
2226 3348 2435 3402 ὀνόματι.
2497 3348 2606 3393 Alia

446 3417 603 3459 autem
634 3416 702 3460 vis
733 3417 857 3459 inest
886 3415 1062 3459 nomini
1093 3415 1388 3472 grammatici
1418 3415 1633 3472 Byzantii
1664 3416 1711 3459 in
1742 3416 1881 3460 titulo
1913 3429 2053 3471 quem
2083 3417 2228 3461 habet
2258 3429 2293 3462 σ
2322 3418 2370 3461 in
2400 3419 2604 3463 Lauren-

443 3486 573 3530 tiano
604 3486 835 3529 LXXXVI
875 3491 948 3529 25:
995 3488 1224 3530 διονυςίου
1269 3490 1354 3530 τοῦ
1394 3488 1506 3542 θρὰξ
1548 3487 1656 3543 (810)
1702 3490 1777 3532 καὶ
1816 3492 2134 3542 γραμματικοῦ
2177 3491 2453 3544 βηνζαντίου
2493 3489 2604 3547 (810)

445 3560 520 3601 καὶ
566 3557 893 3611 οἰκουμενικοῦ
949 3558 1237 3603 διδαςκάλου.
1291 3583 1345 3588 -
1668 3558 1725 3602 de
1779 3558 2161 3602 Alexandrini
2215 3561 2489 3615 cognomine
2536 3560 2605 3605 cfr

449 3628 675 3686 [Sergius]
712 3628 761 3670 in
793 3627 960 3670 Donat.
992 3628 1054 3670 IV
1088 3633 1211 3683 5297,
1243 3628 1441 3684 praefat.
1472 3643 1503 3684 p
1535 3628 1569 3671 L
1598 3632 1668 3684 31,
1701 3628 1846 3672 Maur.
1871 3629 2083 3673 Schmidt
2112 3629 2279 3673 Philol.
2302 3630 2389 3674 VII
2409 3635 2513 3686 36ος
2546 3631 2604 3675 de

447 3711 502 3741 00
528 3699 730 3752 nomine,
762 3698 887 3754 quod
914 3701 983 3742 est
1008 3700 1032 3741 6
1065 3703 1163 3742 τοῦ
1181 3700 1399 3756 Πηροῦ,
1431 3703 1611 3755 Σ672,9
1627 3727 1663 3755 23
1681 3698 2011 3756 Schmidtiusp
2030 3705 2127 3745 361.
2161 3700 2370 3745 Rhodii
2391 3701 2604 3757 appella-

383 3771 387 3775 '
447 3770 645 3823 tionem,
688 3770 746 3812 de
778 3782 872 3823 qua
902 3768 1183 3814 Schmidtius
1220 3785 1251 3825 Ρ
1284 3775 1365 3814 362
1406 3770 1524 3826 egit,
1567 3783 1795 3825 nusquam
1826 3769 1980 3814 inveni
2019 3771 2101 3814 ubi
2132 3772 2190 3815 de
2220 3771 2388 3816 techne
2420 3770 2602 3816 dicitur.

563 3898 725 3941 1100110
757 3913 945 3942 mmmm
997 3897 1043 3940 Si
1065 3897 1273 3940 Armenii
1304 3898 1496 3940 titulum
1526 3911 1684 3941 rursus
1714 3896 1762 3940 in
1782 3897 2000 3954 graecum
2022 3912 2283 3943 sermonem
2306 3899 2606 3954 converteris,

447 3967 643 4011 habebis
673 3970 966 4023 γραμματικὴ
999 3969 1246 4012 Διονυςίου
1269 3970 1450 4025 Θρᾳκός
1482 3969 1557 4013 vel
1579 3973 1664 4012 τοῦ
1689 3969 1893 4024 Θρᾳκόςε
1925 3983 2033 4013 nam
2065 3969 2263 4014 articulo
2294 3971 2423 4015 caret
2441 3970 2603 4027 lingua

450 4051 669 4082 armema.
