2814 4400
396 287 473 332 xc
1057 287 1353 332 ADDENDA
1386 289 1465 332 ET
1498 262 1897 334 coRRIGENDA

536 418 602 468 ad
640 418 735 484 4l,
764 416 928 470 2-3.
1006 414 1044 471 S
1085 418 1324 470 concinit
1361 418 1468 470 nisi
1506 418 1647 487 quod
1684 420 1769 472 καὶ
1814 418 2029 470 omittit.
2105 418 2168 471 de
2206 419 2564 490 discrepantia

395 502 439 553 B
479 501 674 555 codicis
713 502 833 554 vide
871 501 1064 555 Merxii
1103 503 1409 556 editionem.

532 658 598 710 ad
636 658 732 726 42,
764 657 925 712 1-2.
989 656 1028 714 S
1069 661 1127 714 έν
1155 661 1326 730 ἑαυτῷ
1369 660 1756 729 interpretatur
1781 662 1902 729 post
1938 679 1987 714 τι
2014 661 2415 727 περιεχόμενον.
2468 667 2559 715 δα-

391 745 548 809 φνών
575 762 686 796 non
727 711 1010 806 converffit²
1051 745 1142 796 sed
1180 748 1302 814 post
1336 763 1654 798 conversum
1678 747 1965 811 παρθενών
1992 745 2139 798 addit
2164 764 2379 813 nomen,
2417 747 2557 816 quod

390 830 692 899 significare
732 829 939 882 videtur
976 831 1189 884 domum
1225 831 1317 884 ubi
1353 831 1546 885 viduae
1581 831 1843 885 habitant.
2601 846 2623 879 5

530 988 595 1039 ad
634 987 728 1055 42,
757 985 922 1055 3-4.
987 988 1225 1040 definitio
1253 987 1515 1040 versionis
1555 988 1860 1057 syriacae
1888 988 2108 1041 omnino
2136 989 2412 1057 conspirat
2438 1006 2559 1042 cum

387 1089 593 1143 graeca.
672 1072 916 1143 exempla
952 1073 1055 1125 duo
1093 1075 1309 1126 tantum
1348 1072 1562 1126 subicit.

529 1230 593 1282 ad
633 1230 728 1298 43,
759 1230 920 1284 1-2.
997 1227 1035 1285 8
1077 1230 1356 1283 consentit.

544 1387 610 1438 ad
650 1386 745 1454 43,
773 1386 980 1454 3--44,
1012 1387 1064 1439 1.
1141 1383 1179 1441 S
1219 1386 1490 1439 consentit
1536 1387 1641 1438 nisi
1680 1388 1817 1455 quod
1858 1388 1913 1440 in
1953 1389 2001 1440 A
2041 1388 2222 1441 codice
2260 1389 2402 1442 inter
2438 1390 2559 1457 equi

383 1475 437 1524 et
472 1474 594 1526 vitis
633 1472 879 1541 exempla
916 1472 1114 1542 legitur
1152 1472 1314 1524 etiam
1353 1472 1513 1525 lconis
1550 1471 1655 1542 (cfr
1688 1482 1738 1522 Σ
1760 1473 1911 1544 84524
1951 1474 2009 1525 in
2048 1474 2226 1527 adnot.
2266 1475 2329 1526 ad
2369 1475 2455 1543 24,
2483 1475 2622 1542 5).1o

382 1558 548 1612 ἰδικόν
590 1559 720 1627 (non
762 1558 982 1628 εἰδικόν)
1022 1576 1188 1628 aeque
1227 1565 1386 1628 atque
1426 1558 1710 1610 Armenius
1749 1559 2148 1628 interpretatur.

523 1715 589 1768 ad
617 1716 714 1784 44,
737 1715 901 1770 2-7.
959 1713 998 1771 S
1025 1716 1185 1785 plane
1212 1716 1396 1768 eadem
1423 1714 1611 1782 reddit,
1639 1733 1773 1784 quae
1798 1714 2019 1769 technes
2045 1715 2254 1769 codices
2279 1717 2554 1786 praebent.

523 1872 587 1924 ad
627 1873 724 1941 45,
756 1873 917 1927 1-2.
992 1877 1419 1939 μετουςιαςτικοῦ
1467 1873 1695 1942 speciem
1741 1891 1829 1926 om
1869 1870 1927 1928 S.
2002 1873 2123 1926 vide
2163 1877 2277 1927 Zur
2324 1873 2554 1928 Wiedcr-

378 1958 692 2028 herstellzmy
729 1978 763 2028 p
802 1959 887 2012 68.

521 2130 586 2183 ad
625 2131 722 2199 46,
750 2130 917 2184 4-5.
994 2128 1061 2185 S:
1113 2132 1251 2198 ῥῆμα
1298 2149 1417 2185 vero
1465 2131 1570 2184 ἐςτὶ
1608 2132 1743 2185 λέΞις
1782 2131 2053 2195 ἄπτωτος,
2101 2132 2394 2199 έπιδεκτικὴ
2432 2149 2553 2186 vero
2578 2152 2617 2184 15

378 2217 583 2283 χρόνου
632 2219 716 2271 καὶ
763 2218 1071 2282 προςώπων
1112 2219 1198 2270 καὶ
1246 2218 1509 2286 ἀριθμῶν,
1559 2221 1607 2270 et
1643 2218 1918 2283 ἐνέργειαν
1956 2221 2004 2270 ct
2038 2217 2212 2272 πάθος
2248 2221 2554 2284 παριςτᾶςα.

379 2320 494 2354 eam
533 2320 719 2355 vocem
759 2303 1037 2371 syriacam,
1078 2320 1213 2371 quae
1251 2304 1455 2369 χρόνου
1483 2302 1770 2372 significat,
1809 2302 1865 2354 in
1893 2303 2156 2372 pluralem
2184 2303 2553 2373 corrigendam

379 2406 491 2440 esse
536 2390 695 2457 putat
739 2387 995 2440 Merxius
1043 2419 1113 2427 —-
1161 2386 1419 2458 [DISOR.
1462 2387 1555 2440 ΕΤ
1603 2386 1913 2457 ΤΕ8ΤΙΜ.]
1990 2398 2040 2438 Σ
2081 2389 2137 2440 in
2185 2388 2447 2442 Vaticano
2487 2389 2554 2441 14

380 2473 458 2526 fol
483 2474 579 2526 31v
619 2473 751 2542 (BA
779 2474 984 2545 67230):
1025 2475 1106 2528 ὅτι
1144 2476 1204 2527 δὲ
1242 2474 1409 2527 ἄλλος
1447 2475 1586 2528 έςτὶν
1626 2474 1828 2527 ἐκεῖνος
1868 2473 1983 2540 (scil
2022 2473 2314 2543 Dionysius
2353 2473 2552 2542 ThraX,

380 2559 678 2612 Aristarchi
717 2560 1035 2630 discipulus)
1076 2561 1158 2613 καὶ
1186 2559 1350 2613 ἄλλος
1377 2559 1540 2613 οὗτος
1578 2559 1692 2624 (scil
1721 2559 1814 2628 qui
1839 2559 2073 2611 technen
2099 2548 2354 2629 scripsit),
2395 2563 2553 2627 δηλοῖ
2574 2581 2616 2614 20

377 2647 462 2698 καὶ
501 2645 532 2698 ὁ
569 2646 705 2711 παρ’
743 2644 1070 2713 ἀμφοτέρων
1111 2645 1325 2711 ὁριςμὸς
1373 2648 1471 2699 τοῦ
1512 2646 1758 2711 ῥήματος.
1837 2644 1998 2698 οὗτος
2036 2647 2131 2711 μὲν
2170 2646 2272 2712 γὰρ
2310 2646 2373 2699 τὸ
2412 2645 2552 2713 ῥῆμα

377 2730 605 2796 ὁρίζεται
646 2731 812 2797 «ῥῆμά
851 2732 955 2785 έςτι
996 2732 1132 2785 λε’Ξις
1159 2731 1426 2795 ἄπτωτος,
1465 2731 1759 2797 ἐπιδεκτικὴ
1788 2731 2005 2797 χρόνων
2031 2749 2088 2785 τε
2127 2732 2210 2784 καὶ
2242 2733 2550 2797 προςώπων

376 2817 459 2869 καὶ
496 2816 747 2882 ἀριθμῶν,
787 2817 1064 2882 ἐνέργειαν
1102 2819 1135 2883 ἢ
1174 2816 1355 2870 πάθος,
1386 2821 1727 2883 παριςτῶςα».
1793 2817 1823 2871 ὁ
1855 2811 2247 2885 δὲ’Διονύςιος,
2289 2815 2363 2870 ὥς
2389 2833 2550 2884 φηςιν
2614 2823 2616 2825 ’

375 2903 743 2958 Ἀπολλώνιος
783 2904 840 2958 έν
878 2909 954 2974 τῷ
995 2903 1289 2972 ῥηματικῷ,
1341 2901 1514 2956 οὕτως
1552 2903 1780 2968 ὁρίζεται
1819 2903 1918 2970 (sic
1955 2901 2079 2955 Vat.
2111 2901 2179 2965 H,
2229 2902 2450 2968 ὡρίζετο
2486 2902 2548 2972 b)

378 2988 543 3055 «ῥῆμά
581 2989 683 3042 ἑςτι
722 2990 857 3044 λέξις
896 2990 1237 3056 κατηγόρημα
1275 2989 1641 3055 ςημαίνουςα».
1706 2987 1769 3040 de
1807 2987 1907 3040 hac
1937 2987 2293 3056 discrepantia
2332 2987 2549 3056 exposui
2571 3007 2614 3040 25

376 3073 491 3149 Zur
521 3072 1043 3143 Wiedcrherstelluny
1068 3094 1101 3144 p
1130 3074 1360 3140 83—84,
1401 3073 1493 3125 ubi
1534 3073 1788 3143 probasse
1827 3073 1961 3126 mihi
1990 3073 2189 3141 videor,
2231 3073 2297 3125 ab
2336 3077 2549 3126 auctore

375 3158 594 3212 technes
651 3160 791 3213 hanc
846 3160 1213 3212 definitionem
1262 3159 1518 3228 scriptam
1574 3177 1710 3212 esse:
1780 3160 1919 3226 ῥῆμά
1962 3160 2067 3213 έςτι
2120 3160 2257 3216 λέξις
2300 3157 2549 3214 ἄπτωτος

375 3246 715 3313 κατηγόρημα
753 3246 1090 3312 ςημαίνουςα.

519 3417 585 3468 ad
625 3417 932 3484 47,3-4.
1010 3415 1049 3472 S
1103 3418 1329 3470 eundem
1388 3418 1630 3471 ordinem
1688 3416 1967 3470 modorum
2024 3416 2186 3468 habet
2239 3415 2384 3482 (vide
2431 3414 2546 3469 Zur

388 3501 909 3571 Wiederherstelluny
947 3522 980 3571 p
1021 3503 1127 3575 72).
1202 3522 1298 3573 pro
1343 3503 1729 3570 ἀπαρέμφατος
1777 3502 1939 3554 habet
1988 3501 2120 3554 duos
2169 3501 2544 3566 nominatiVOS‚
2567 3519 2612 3554 so

375 3587 567 3657 quibus
606 3588 978 3658 significantur
1023 3590 1331 3643 vocabulum
1367 3590 1596 3643 verbum.
1673 3588 1804 3640 haec
1841 3586 2078 3639 Merxius
2115 3588 2193 3638 ita
2231 3586 2546 3656 corrigenda

376 3691 490 3726 esse
515 3673 664 3742 vidit,
693 3677 752 3726 ut
777 3674 1139 3743 respondeant
1166 3675 1349 3728 latinis
1375 3675 1683 3728 vocabulum
1708 3673 1850 3727 verbi
1875 3671 1960 3725 vel
1985 3673 2294 3726 vocabulum
2317 3690 2344 3726 e
2367 3672 2543 3726 verbo:

375 3758 452 3811 sic
501 3758 643 3811 enim
693 3758 856 3828 Syrus
903 3759 1233 3813 infinitivum
1279 3760 1518 3830 appellat
1566 3760 1622 3811 in
1674 3759 1918 3811 versione
1964 3757 2324 3827 supplementi
2369 3757 2544 3827 quarti

376 3844 519 3910 (vide
566 3844 708 3896 infra
753 3845 818 3896 ad
865 3846 958 3897 127
1001 3844 1052 3896 II
1091 3847 1201 3910 24).
1277 3864 1413 3915 quae
1462 3844 1675 3914 quidem
1715 3843 2005 3912 appellatio
2044 3842 2179 3896 nihil
2229 3842 2373 3894 aliud
2410 3841 2543 3895 mihi

376 3948 535 3997 quam
576 3929 751 3995 ὄνομα
797 3930 1031 3996 ῥήματος
1084 3930 1291 3982 videtur
1340 3948 1482 3997 esse,
1530 3947 1636 3999 quo
1684 3929 1903 3981 nomine
1953 3928 2148 3981 scimus
2198 3927 2607 3996 Apollonium&

378 4014 666 4082 Dyscolum
707 4015 973 4067 censuisse
1012 4032 1197 4067 omnes
1225 4016 1519 4068 infinitivos
1545 4014 1846 4083 nuncupari
1873 4031 2027 4083 posse
2055 4012 2197 4082 (vide
2222 4017 2361 4080 synt.
2387 4030 2422 4081 p
2448 4011 2540 4083 31⁰

377 4102 430 4151 et
478 4099 802 4152 Skrzeczkae
849 4117 1029 4169 progr.
1077 4098 1283 4170 Regim.
1339 4101 1467 4153 1861
1523 4119 1557 4170 p
1613 4098 1724 4170 15),
1784 4097 2130 4168 Tryphonem
2186 4114 2277 4150 eos
2333 4096 2541 4166 saltem,
