2808 4394
377 242 479 295 136

434 369 483 411 et
512 372 550 411 5.
597 367 703 410 vide
736 367 945 411 Armenii
983 368 1031 411 et
1061 367 1166 424 Syri
1203 368 1433 425 interpre-

433 438 635 481 tationes
673 438 874 482 nominis
910 438 959 481 in
991 438 1097 482 adn.
1129 440 1189 484 ad
1220 445 1296 492 32,
1332 446 1352 483 1
1387 440 1437 484 et

1209 216 1497 285 ΑἰτιΑτικὲι
1531 266 1585 272 -
1615 241 1714 286 ἈΝ

1538 368 1627 411 dae
1672 368 2014 425 significantur:
2062 369 2354 424 ἀμετάβολον
2400 376 2467 423 21,
2499 376 2538 414 2.

1538 440 1807 494 ἀμετάβολα
1830 443 1897 493 14,
1920 445 1944 483 7
1966 439 2052 483 bis.
2082 441 2393 495 ἀμεταβόλων
2423 446 2492 495 56,
2514 447 2539 486 2

433 511 480 552 in
511 509 753 553 Addendis
783 525 814 567 p
845 509 1100 554 LXXXVII
1132 516 1201 556 24.
1234 537 1288 544 —
1319 511 1436 568 †ui-
1480 511 1705 566 ἀμμώδης
1752 510 2021 566 exemplum
2058 511 2257 555 nominis
2305 526 2540 566 μετουςια·

432 581 646 636 τιατικήν
677 586 748 635 32,
782 588 803 624 1
835 593 921 639 pro
952 582 1107 626 αἰτίαν

379 650 552 698 αἴτιοι
583 651 796 708 dactylus
828 653 898 696 est
928 654 1037 697 ante
1068 653 1279 698 vocalem
1310 655 1437 711 apud

434 722 691 766 Homerum
722 729 797 779 20,
829 727 855 766 6

379 793 751 851 αἱτιολογικοὶ
783 798 1023 852 ςύνδεςμοι
1042 798 1315 844 Latinorum
1337 812 1440 845 cosn-

434 866 696 911 iwnetio‘nes
727 869 935 913 causales
965 874 1039 922 88,
1078 875 1112 916 1.
1159 876 1239 924 93,
1273 876 1308 915 1.
1355 884 1439 915 nos

435 937 619 992 partem
669 951 831 982 eorum
889 941 1203 996 significamus
1252 942 1439 986 nomine

435 1007 660 1052 finalium.
710 1010 1015 1068 (αἰτιολογικὴ
1058 1014 1253 1067 ἔγκλιςις
1297 1028 1442 1057 unum

437 1093 493 1131 ex
523 1081 790 1124 nominibus
819 1082 947 1126 modi
978 1083 1266 1128 coniunctivi
1297 1085 1368 1128 est
1397 1088 1447 1128 Σ

437 1132 575 1207 8244>

384 1222 614 1267 αἰτιώδεις
647 1223 888 1278 ςύνδεςμοι
909 1246 963 1261 =
986 1226 1288 1281 αἰτιολογικοὶ
1320 1226 1467 1283 apud*

439 1293 765 1349 Apollonium:
798 1295 858 1338 ad
889 1301 960 1350 93,
995 1304 1016 1340 1

384 1359 615 1422 ἄκλιτος
651 1365 1012 1411 indeclinabilis.
1073 1369 1265 1412 ἄκλιτον
1297 1372 1370 1421 72,
1403 1372 1443 1411 4.

440 1436 607 1480 ἄκλιτα
637 1436 821 1481 codices
853 1437 941 1480 GB
973 1443 1041 1493 23,
1064 1444 1090 1483 3

389 1502 708 1565 ἀκόλαστος
740 1521 809 1552 ex.
841 1506 1063 1554 adiectivi
1087 1510 1146 1554 ab
1169 1509 1314 1554 animi
1335 1523 1446 1566 qua-

441 1578 577 1622 litate
610 1579 739 1623 ducti
768 1584 838 1632 35,
864 1586 884 1623 1

384 1645 741 1697 ἀκολουθίαν
762 1653 1163 1710 (consequentiam)
1186 1652 1450 1710 significant

442 1721 791 1766 coniunctiones
812 1737 932 1779 quae
949 1739 1071 1769 nunc
1092 1726 1320 1770 vocantur
1340 1739 1448 1769 con-

442 1792 699 1837 dicionales
729 1799 806 1849 92,
830 1800 867 1840 1.
913 1795 1020 1841 vide
1051 1796 1208 1841 adnot.
1240 1796 1302 1840 acl
1332 1801 1400 1848 91,
1424 1802 1448 1840 2

446 1891 499 1897 —
529 1870 600 1921 92,
625 1870 646 1908 1
912 1879 918 1886 -

386 1933 716 1994 ἀκόλουθος
749 1937 796 1993 (i.
822 1952 861 1983 e.
890 1941 1183 1996 consequens)
1214 1940 1451 1984 verborum

442 2009 580 2066 flexio
609 2008 878 2053 nominatur
908 2009 1179 2068 coniugatio
1210 2015 1278 2066 53,
1302 2016 1327 2054 6

388 2095 547 2140 ἀκούω
594 2095 863 2150 exemplum
909 2097 1069 2140 sextae
1093 2087 1452 2153 'coniugationis

444 2166 784 2222 barytonorum
815 2171 884 2221 57,
909 2172 933 2209 2
966 2167 1014 2210 in
1044 2168 1178 2213 codd.
1211 2167 1452 2213 deteriori-

447 2238 534 2281 bus
567 2238 614 2281 et
645 2236 751 2281 edd.

390 2310 575 2364 ἀλείφω
609 2308 875 2365 exemplum
897 2310 1079 2366 primae
1101 2311 1350 2356 verborum
1370 2312 1452 2356 ba-

447 2380 720 2436 rytonorum
742 2379 1086 2437 coniugationis
1110 2382 1238 2439 apud
1257 2381 1454 2428 Priscia-

447 2466 573 2505 num,
605 2450 686 2505 qui
715 2450 903 2495 videtur
931 2452 1051 2496 illud
1076 2453 1135 2498 ab
1159 2453 1355 2498 Claudio
1377 2454 1454 2498 Di-

448 2523 590 2578 dymo
621 2522 894 2578 sumpsisse:
928 2522 988 2566 ad
1020 2527 1092 2580 54,
1112 2530 1137 2568 2
1170 2527 1224 2582 (p
1245 2526 1322 2583 55)

390 2602 752 2666 Ἀλέξανδρος
769 2608 817 2651 et
833 2608 982 2663 Πάρις
1000 2610 1210 2665 διώνυμα
1226 2612 1335 2654 sunt
1349 2615 1417 2665 38,
1432 2616 1452 2653 1

452 2681 501 2723 et
521 2684 559 2724 2.
592 2679 1015 2735 -“*Ἀλέξανδρος
1046 2680 1318 2738 exemplum
1335 2681 1456 2725 anti-

452 2750 598 2807 spasti
630 2755 725 2804 120,
752 2755 801 2793 11

394 2818 576 2879 ἀλέξω
618 2822 887 2877 exemplum
926 2822 1157 2879 septimae
1205 2824 1456 2880 barytono-

452 2908 556 2937 rum
587 2891 929 2948 coniugationis
962 2897 1028 2946 57,
1051 2898 1079 2938 4

394 2960 543 3011 ἀλλά
586 2963 712 3008 inter
757 2965 1037 3019 ςυνδέςμους
1087 2969 1458 3022 ςυμπλεκτικοὺς

452 3036 727 3080 numeratur
756 3039 826 3091 89,
853 3041 898 3090 13
930 3036 1055 3080 inter
1085 3040 1458 3092 ςυλλογιςτικοὺς

454 3112 523 3163 96,
549 3112 583 3152 1.
616 3131 671 3139 ——
702 3108 954 3164 usurpatur
985 3112 1023 3163 7,
1047 3113 1085 3153 7.
1116 3113 1183 3163 26,
1206 3113 1232 3152 6

399 3189 660 3248 άλλαμήν
689 3191 737 3235 in
767 3206 962 3237 numero
986 3194 1366 3238 coniunctionum
1388 3207 1460 3237 ra-

455 3263 835 3307 tiocinativarum
868 3266 941 3307 est
970 3269 1040 3320 96,
1064 3269 1102 3309 1.
1134 3264 1240 3309 vide
1272 3264 1378 3309 adn.
1402 3264 1460 3309 de

443 3336 638 3385 „ratione
670 3334 796 3377 vocis
827 3335 1101 3380 scribendae

400 3399 595 3462 ἄλλος.
614 3407 730 3449 ἄλλο
748 3407 1014 3463 exemplum
1029 3406 1233 3451 nominis
1250 3406 1462 3451 neutrius

458 3477 642 3534 generis
659 3476 706 3519 in
723 3479 751 3519 ὃ
770 3476 1024 3522 desinentis
1043 3483 1108 3532 16,
1125 3483 1168 3527 3.
1191 3504 1245 3510 —
1266 3491 1459 3535 usurpa-

456 3551 534 3593 tur
566 3561 680 3594 vox:
717 3553 782 3602 12,
805 3553 830 3593 3
862 3549 1037 3604 ἄλλων,
1070 3553 1139 3602 25,
1165 3553 1187 3593 1
1220 3550 1341 3594 ἄλλα

403 3632 506 3692 dig
539 3647 611 3679 ex.
642 3633 854 3690 syllabae
884 3634 1117 3692 positione
1149 3636 1320 3692 longae
1348 3639 1412 3690 18,
1437 3640 1462 3680 3

403 3716 521 3776 ἅμα
555 3720 822 3776 exemplum
852 3720 1182 3764 adverbiorum
1210 3722 1462 3777 ἀθροίςεως

460 3796 529 3846 81,
554 3796 595 3835 1.
643 3792 674 3847 †
698 3804 767 3835 ex.
801 3791 959 3835 classis
990 3791 1267 3836 subditiciae
1299 3790 1465 3836 adv'er-

462 3852 647 3906 biorum
681 3863 960 3918 ςυλλήψεως
992 3866 1061 3916 84,
1085 3868 1125 3906 3.
1166 3888 1221 3894 —
1260 3865 1378 3908 *ὅτ’
1409 3865 1467 3907 ἂν

468 3934 552 3977 δύο
594 3934 736 3978 λέξεις
770 3934 821 3977 ἐν
860 3938 931 3990 τῷ
965 3933 1060 3987 ἅμα
1092 3934 1315 3989 ὀφείλωςι
1346 3936 1471 3988 λέγε-

466 4007 579 4059 ςθαι,
612 4007 641 4059 ἡ
673 4005 797 4060 ὑφὲν
828 4005 1008 4048 τίθεται
1041 4008 1136 4058 113,
1157 4008 1183 4047 5

410 4069 777 4135 ἀμετάβολος
823 4073 1012 4122 nomine
1059 4087 1287 4121 consonae
1334 4074 1469 4132 liqui-

1538 585 1695 626 ςτικοῡ
1727 586 1798 636 45,
1821 587 1847 625 2
1876 582 1927 624 in
1956 580 1993 624 T
2025 589 2090 626 σΚ
2122 581 2330 639 epitoma

1482 645 1733 709 ἄμπελος
1774 666 1844 697 ex.
1890 653 2128 696 nominum
2177 666 2296 707 quae
2337 654 2541 711 speciem

1543 723 1809 779 significant
1837 728 1909 778 44,
1933 728 1953 766 1

1484 795 1712 849 ἀμπελών
1734 796 1931 839 fortasse
1949 795 2143 851 legebat
2158 794 2406 838 Armenius
2420 795 2544 839 inter

1542 865 1759 922 exempla
1802 864 2003 909 nominis
2049 869 2346 921 περιεκτικοῡ
2391 871 2468 916 42,
2502 870 2541 909 2.

1542 936 1610 980 cfr
1640 949 1761 990 quae
1792 936 1839 980 in
1879 936 2041 986 adnot.⁴
2069 937 2296 993 exscripsi
2327 950 2383 980 ex
2399 936 2542 980 scho-
2567 946 2573 951 ·

1542 1007 1617 1050 liis
1646 1007 1860 1062 technes,
1903 1006 2218 1052 Choerobosci
2246 1006 2543 1061 lectionibus,

1543 1078 1783 1122 Diomedis
1814 1080 1916 1123 arte

1487 1151 1518 1206 †
1535 1150 1697 1203 ἄμυδις
1729 1163 1801 1196 ex.
1827 1149 1987 1194 classis
2008 1151 2195 1206 spuriae
2217 1149 2547 1195 adverbiorum

1547 1222 1824 1277 ςυλλήψεως
1855 1226 1923 1276 84,
1946 1228 1971 1266 3

1489 1286 1638 1350 ἀμφί
1667 1292 1954 1349 praepositio
1985 1293 2218 1349 bisyllaba
2249 1298 2316 1347 72,
2338 1297 2363 1336 2

1491 1365 1512 1387 *
1531 1363 1823 1418 ἀμφίβραχυς
1855 1365 1973 1409 πούς
2009 1369 2102 1418 119,
2127 1370 2152 1409 3

1490 1435 1514 1462 ’¹‘
1536 1434 1833 1490 ἀμφίμακρος
1865 1435 1986 1480 πούς
2019 1439 2113 1489 119,
2139 1441 2174 1478 1.
2209 1440 2304 1490 122,
2325 1440 2350 1478 2
2382 1435 2431 1479 et
2459 1439 2484 1479 7

1491 1500 1808 1566 ἀμφότεροι
1826 1506 2091 1562 exemplum
2106 1506 2306 1550 nominis
2321 1519 2434 1550 voce
2450 1504 2551 1563 plu-

1548 1577 1686 1633 ralis,
1711 1570 1766 1621 ‘vi
1796 1577 1950 1622 dualis
1982 1582 2049 1634 31,
2072 1583 2101 1621 4

1492 1644 1563 1695 ἄν
1592 1650 1866 1692 numeratur
1894 1649 2019 1693 inter
2049 1650 2325 1704 ςυνδέςμους
2355 1650 2554 1703 ςυμπλε-

1551 1720 1740 1764 κτικοὺς
1779 1724 1849 1775 89,
1874 1727 1914 1768 2.
1960 1720 2084 1764 inter
2123 1710 2554 1776 παραπληρώματι-

1551 1793 1665 1837 κοὺς
1696 1797 1766 1848 99,
1792 1797 1830 1837 1.
1880 1791 1985 1836 vide
2018 1791 2347 1837 adnotationes
2379 1790 2440 1834 ad
2468 1789 2556 1832 hos

1550 1862 1678 1908 locos
1708 1865 1757 1908 et
1785 1863 1855 1908 cfr
1885 1864 1981 1908 κέν.
2022 1889 2077 1896 -
2115 1862 2403 1920 posteriores
2422 1860 2555 1905 tech-

1550 1926 1665 1990 nici,
1713 1935 1794 1990 qui
1831 1934 2103 1990 diligentius
2139 1935 2189 1978 in
2226 1934 2390 1978 harum
2421 1945 2556 1976 vocu-

1465 2034 1473 2039 -
1551 2006 1703 2051 larum
1739 2021 1877 2051 usum
1913 2005 2222 2063 inquisivere,
2263 2003 2557 2060 excogitave-

1552 2078 1662 2122 runt
1698 2078 1891 2122 nomina
1931 2080 2200 2133 δυνητικών
2246 2078 2296 2121 et
2332 2077 2557 2130 ἀναιρετι-

1553 2154 1666 2194 κῶν.
1718 2149 1998 2206 Apollonius
2028 2150 2148 2206 synt.
2180 2153 2303 2205 205³:
2335 2148 2396 2191 τὰ
2425 2159 2558 2200 γεγο-

1553 2221 1674 2265 νότα
1722 2226 1824 2265 τῶν
1883 2222 2176 2278 πραγμάτων
2234 2219 2260 2263 ὁ
2310 2218 2558 2272 ςύνδεςμος

1555 2293 1763 2346 ἀναιρεῖν
1801 2293 1924 2337 θέλει
1967 2293 2282 2347 περιιςτάνων
2326 2290 2449 2334 αὐτὰ
2494 2287 2561 2333 εἰς

1553 2365 1610 2408 τὸ
1640 2364 1876 2418 δύναςθαι,
1907 2365 2044 2408 ’ένθεν
2068 2365 2145 2408 καὶ
2166 2362 2413 2418 δυνητικὸς
2435 2359 2558 2416 εἴρη-

1554 2448 1644 2479 ται.
1674 2434 1788 2479 ibid.
1819 2439 1959 2491 26512:
1992 2437 2068 2480 καὶ
2099 2435 2235 2479 αὐτοὶ
2256 2433 2301 2478 οἱ
2321 2433 2562 2486 ςύνδεςμοι

1557 2507 1609 2550 ἐκ
1647 2509 1733 2561 τῆς
1773 2505 1888 2551 ἰδίας
1927 2506 2274 2563 παρεμφάςεως
2310 2505 2401 2559 τὴν
2438 2502 2562 2546 θέςιν

1555 2581 1642 2621 τοῦ
1674 2578 1910 2631 ὀνόματος
1930 2578 2229 2632 ἀνεδέξαντο,
2252 2574 2564 2621 διαζευκτικοὶ

1558 2663 1584 2692 κ
1649 2649 1859 2703 ούμενοι,
1882 2649 2144 2704 δυνητικοί,
2177 2646 2465 2693 ςυναπτικοί.
2516 2648 2567 2690 Σ

1558 2651 1701 2779 θῇξᾳ
1742 2723 1927 2775 παρῆκε
1967 2723 2042 2764 καὶ
2080 2722 2191 2765 τοὺς
2222 2719 2561 2774 ἀναιρετικούς,

1503 2792 1510 2794 ”
1558 2792 1646 2835 τὸν
1668 2792 1750 2835 κέν
1773 2782 1921 2848 <καί>
1941 2792 2029 2835 τὸν
2050 2791 2123 2846 ἄν,
2156 2791 2202 2835 οἳ
2221 2796 2323 2835 τοῖς
2345 2803 2564 2846 παρῳχη-

1560 2863 1715 2915 μένοις
1733 2863 2091 2917 ςυνταςςόμενοι
2106 2863 2166 2907 τὰ
2181 2862 2447 2917 δηλούμενα
2461 2865 2564 2904 τῶν

1560 2934 1816 2988 έγκλίςεων
1838 2934 2086 2989 ἀναιροῦςι.
2126 2934 2184 2977 τὸ
2214 2934 2303 2989 γὰρ
2324 2933 2564 2988 «ἔγραψα»

1561 3005 1756 3061 ςημαςία
1772 3009 1859 3049 τοῦ
1881 3005 2166 3060 πράγματος,
2199 3005 2257 3048 τὸ
2280 3005 2336 3049 δὲ’
2354 3004 2565 3059 «ἔγραψα

1561 3077 1647 3122 ἄν»
1671 3077 1912 3132 ἀναίρεςις.
1972 3076 2175 3120 τούτους
2205 3074 2350 3133 <καὶ>
2377 3076 2565 3130 δυνητι-

1561 3149 1673 3192 κοὺς
1714 3150 1922 3198 καλοΰςι,
1969 3147 2041 3190 ὅτι
2078 3149 2168 3202 τὴν
2211 3151 2297 3191 τοῦ
2344 3147 2565 3191 δύναςθαι
2606 3159 2608 3162 ·

1562 3220 1754 3263 ἔννοιαν
1786 3220 2019 3273 δηλοῦςιν,
2051 3218 2154 3263 οἷον
2175 3218 2467 3273 «ὠφελήθην
2487 3217 2561 3270 ἄν,
2622 3208 2627 3214 ’

1563 3289 1603 3333 εἰ
1642 3290 1887 3342 ἀνέγνων»
1910 3289 1995 3341 (sic
2033 3290 2161 3333 recte
2191 3287 2256 3343 U,
2296 3287 2565 3343 ὠφελείθην

1562 3360 1622 3414 H,
1654 3361 1956 3417 ὠφεληθείην
1977 3361 2027 3416 b)
2059 3361 2164 3404 ἀντὶ
2184 3363 2270 3404 τοῦ
2292 3360 2566 3417 «ἠδυνάμην
2627 3419 2634 3423 η

1563 3432 1797 3485 ἀναγνοὺς
1839 3432 2188 3487 ὠφεληθῆναι».
2254 3429 2359 3474 Lex.
2392 3429 2565 3487 Segne-

1562 3503 1746 3546 rianum
1777 3503 2087 3559 syntacticum
2118 3501 2207 3544 BA
2240 3501 2263 3545 1
2294 3506 2429 3557 12621:
2458 3503 2562 3548 Ἀν.

1562 3577 1738 3619 τοῦτον
1769 3575 1855 3618 τὸν
1887 3575 2141 3628 ςύνδεςμον
2179 3574 2224 3618 οἱ
2253 3575 2459 3627 τεχνικοὶ
2489 3575 2566 3618 δυ-

1563 3647 1758 3701 νητικὸν
1789 3646 2203 3701 προςαγορεύουςι·
2236 3646 2448 3701 ςημαίνει
2477 3646 2566 3702 γὰρ

1565 3720 1755 3772 πρᾶγμα
1788 3719 1848 3771 μὴ
1881 3718 2158 3772 γενόμενον,
2189 3716 2392 3771 δυνηθὲν
2420 3714 2472 3777 δέ
2491 3729 2565 3770 γε-

1566 3789 1736 3841 νέςθαι,
1768 3788 1806 3832 εἰ
1838 3789 1899 3843 μή
1931 3803 1975 3832 τι
2007 3788 2183 3843 ςυμβὰν
2204 3787 2429 3842 ἐκώλυεν,
2460 3786 2565 3831 οἷον

1566 3858 1636 3902 «εἰ
1674 3859 1734 3913 μὴ
1779 3861 1869 3913 τὴν
1909 3860 2098 3915 Ἑλένην
2145 3858 2444 3912 Ἀλέξανδρος
2486 3859 2566 3913 ἥρ-

1566 3942 1726 3980 παςεν,
1758 3930 1844 3973 οὐκ
1875 3932 1931 3974 ἂν
1962 3930 2110 3985 Τροία
2139 3929 2404 3974 ἀπώλετο».
2455 3929 2566 3984 ἠδύ-

1567 4001 1686 4044 νατό
1718 4014 1827 4057 φηςι
1860 4003 1921 4056 μὴ
1952 4001 2203 4046 ἀπολέςθαι
2233 3998 2400 4055 Τροία,
2432 3999 2473 4044 εἰ
2503 4002 2564 4055 μὴ

1567 4074 1656 4130 τῆς
1687 4071 1926 4118 ἀπωλείας
1956 4073 2047 4126 τὴν
2085 4070 2239 4116 αἰτίαν
2259 4069 2458 4126 παρέςχε
2477 4073 2567 4127 τὴν
