2814 4400
749 311 828 355 DE
858 310 1185 355 STEMMATE
1217 311 1488 358 CODICVM
1519 314 1599 357 DE
1630 315 1898 361 SCHOLIIS
2212 318 2403 363 XXXIII

153 484 167 493 2
259 439 437 490 autem
484 437 529 489 si
576 438 616 503 ῖς
663 437 841 505 fluxit,
888 437 1101 490 fluxisse
1148 437 1401 491 dicendus
1446 442 1529 492 est
1572 459 1636 493 ex
1674 441 1716 494 L
1754 445 2015 497 correcto:
2065 443 2184 497 vide
2219 445 2313 513 83,
2352 447 2402 499 2.

262 522 345 587 15,
379 523 425 574 1.
467 521 548 588 16,
579 522 607 572 1
646 521 755 593 (Β)
793 526 848 576 et
885 524 967 590 75,
992 523 1026 575 3
1057 520 1187 591 (L3).
1227 553 1291 561 —
1331 524 1406 574 At
1444 525 1483 589 ἓξ
1520 524 1781 579 admixtas
1817 527 2004 581 habuit
2038 527 2177 581 haud
2213 547 2406 597 paucas

258 606 512 659 lectiones
564 623 629 658 ex
681 606 860 659 codice
915 607 1007 676 qui
1061 609 1322 674 cognatus
1377 610 1490 660 erat
1539 608 2162 666 Grottaferratensi:
2218 613 2312 680 23,
2350 614 2404 666 3.

256 691 342 756 25,
383 692 519 744 1-2
557 693 761 759 (κοινὸν
798 694 894 757 μὲν
932 691 1051 744 οἷον
1087 691 1372 756 ἄνθρωπος
1405 692 1572 747 ἵππος
1608 694 1722 746 sine
1759 695 1945 764 κύων).
2007 697 2101 765 53,
2135 698 2184 750 3.
2243 698 2335 765 71,
2372 699 2406 748 2

214 788 236 821 5
256 777 416 847 (πρός
439 776 587 847 πρό).
636 777 749 841 106,
782 775 935 827 1-6.
977 775 1093 843 106,
1118 775 1153 826 2
1177 773 1303 844 (ηρᾶ
1339 775 1476 846 κρᾷ).
1521 777 1633 844 106,
1660 778 1692 830 3
1719 777 1920 850 (ῥῆμα).
1963 780 2075 845 107,
2103 781 2327 846 6-108,
2359 784 2403 834 l.

183 867 186 870 ⁴
260 860 375 928 109,
402 861 453 913 3.
482 892 551 900 —
577 860 783 913 Deinde
806 860 870 926 is,
910 858 1001 927 qui
1028 860 1068 925 ἓξ
1095 859 1351 927 exaravit,
1391 862 1784 914 erotematis
1824 863 2255 931 Dionysianis
2282 872 2406 918 usus

256 947 339 997 est
370 945 526 1014 idque
559 945 637 998 ita
670 948 728 998 ut
761 943 918 996 modo
951 943 1081 996 artis
1118 942 1277 996 verba
1301 943 1631 1014 immutaret,
1669 946 1826 999 modo
1852 947 2171 1000 adscriberet
2196 952 2406 1001 tantum

254 1029 508 1083 lectiones
547 1029 924 1098 discrepantes.
979 1033 1341 1095 Θαυμαςτικῶν
1378 1030 1742 1083 adverbiorum
1785 1031 2004 1084 classem
2049 1034 2124 1101 (n.
2160 1034 2223 1085 13
2252 1052 2286 1101 p
2314 1034 2404 1102 80)

254 1111 348 1167 ΒΤ
366 1117 576 1183 ponunt
592 1116 716 1183 post
735 1115 1090 1180 ςχετλιαςτικά
1111 1114 1188 1182 (n.
1210 1114 1243 1166 8
1268 1132 1303 1183 p
1319 1114 1434 1185 77):
1461 1133 1619 1184 quem
1638 1115 1876 1168 ordinem
1897 1116 2076 1168 nullus
2096 1119 2306 1185 praeter
2318 1136 2406 1170 eos

189 1217 231 1249 ιο
255 1198 420 1252 codex
443 1197 623 1266 habet,
650 1197 852 1251 habent
875 1198 1341 1267 interpretationes
1366 1198 1669 1251 armeniaca
1700 1202 1753 1252 et
1777 1199 2005 1268 syriaca,
2042 1202 2406 1254 commentarii

253 1281 530 1336 Heliodori
557 1285 611 1335 et
634 1281 1007 1351 Melampodis,
1037 1286 1326 1338 erotemata
1351 1285 1546 1337 omnia.
1621 1284 1713 1350 74,
1740 1285 1774 1337 3
1810 1288 2081 1349 δυνατῶς,
2119 1284 2261 1354 quod
2285 1290 2407 1354 post

155 1432 158 1434 .
250 1371 425 1423 καλῶς
449 1374 638 1435 ςοφῶς
663 1367 928 1435 adiciunt,
966 1367 1171 1422 habent
1205 1371 1364 1423 etiam
1391 1381 1479 1426 Eg.
1529 1371 1626 1436 42,
1653 1370 1686 1422 3
1723 1387 1818 1438 pro
1844 1370 2103 1436 ἰδιότητας
2126 1369 2339 1422 exhibet
2363 1369 2407 1422 Τ

0 1464 20 1508 5.
178 1511 181 1513 ,
252 1454 540 1520 ποιότητας
577 1455 630 1506 et
665 1452 726 1504 in
753 1451 798 1503 B
824 1470 982 1521 supra
1019 1453 1122 1508 ἰδιό
1159 1455 1228 1507 ab
1254 1455 1438 1508 eadem
1474 1473 1634 1507 manu
1671 1454 1925 1523 scriptum
1953 1457 2033 1507 est
2068 1456 2222 1522 ποιός
2260 1455 2406 1524 atqui

251 1539 540 1605 ποιότητας
574 1537 754 1606 posuit
790 1536 1262 1607 Moschopulus
1298 1540 1356 1592 in
1394 1539 1697 1593 erotematis
1735 1539 1983 1592 correctis
2024 1539 2137 1609 (Eb)
2175 1557 2271 1608 pro
2315 1539 2407 1591 illo

190 1638 231 1670 1⁵
254 1623 393 1693 quod
434 1622 723 1691 Dionysius
770 1622 996 1691 scripsit.
1070 1623 1158 1691 24,
1194 1624 1229 1676 5
1266 1642 1362 1693 pro
1407 1642 1514 1677 uno
1560 1624 1843 1691 Σωκράτης
1881 1622 1925 1674 Β
1972 1622 2134 1675 habet
2168 1623 2407 1689 Ὅμηρος

252 1709 559 1775 Σωκράτης,
597 1708 655 1759 in
691 1707 935 1777 margine
973 1710 1150 1759 autem
1187 1709 1346 1761 rubro
1387 1708 1501 1776 (sed
1539 1708 1606 1760 ab
1645 1708 1825 1761 eadem
1859 1726 2020 1760 manu
2044 1709 2179 1759 teste
2205 1706 2408 1772 Mauio)

251 1791 521 1860 adscripta
563 1794 688 1843 sunt
732 1793 764 1856 ἢ
814 1791 1083 1857 ςωκράτης
1130 1793 1353 1846 πλάτων
1401 1793 1685 1861 eademque
1728 1792 1830 1844 duo
1875 1791 2116 1860 exempla
2164 1791 2221 1843 in
2258 1794 2407 1843 textu

250 1876 471 1946 praebet
494 1874 563 1944 Τ;
602 1875 750 1945 atqui
775 1875 959 1928 eadem
985 1876 1144 1929 etiam
1170 1877 1229 1929 in
1256 1878 1561 1930 erotematis
1586 1876 1855 1946 leguntur.
1890 1908 1948 1915 —
1977 1875 2220 1944 Denique
2245 1876 2407 1927 etiam

150 2015 154 2017 Α
251 1960 559 2014 coniectura
594 1959 804 2013 videtur
830 1961 869 2025 (ῖς
906 1977 1016 2013 non
1046 1961 1194 2014 nulla
1230 1962 1534 2031 mutavisse,
1571 1962 1716 2014 velut
1738 1962 1827 2030 43,
1855 1963 1905 2015 3.
1944 1961 2030 2028 54,
2055 1960 2089 2012 2
2114 1959 2209 2016 bis.
2245 1959 2330 2024 55,
2356 1959 2406 2013 5.

185 2076 228 2108 ²⁰
1274 2074 1393 2127 ΒΤ.

0 785 43 1148 μίτῆῑᾜῐῑῦῑῑῖψᾱ.
0 587 46 798 sfw-*ff‘cn
0 455 34 582 5¹²*
23 471 26 474 -
0 392 55 454 τ’*
0 334 32 382 ³³2
0 297 17 319 *³
30 185 34 187 ,

63 934 66 936 ,
39 861 51 894 ’”
47 658 50 659 ’
35 586 43 594 ”
39 435 54 445 ’»
47 291 54 294 ·
43 200 63 231 ῐ..ι
49 126 72 174 -,,

70 189 75 192 ’
75 74 98 120 ‚53

34 2230 40 2236 ,
390 2165 597 2218 Horum
633 2165 722 2236 (de
759 2165 950 2234 quibus
987 2166 1108 2219 vide
1144 2184 1304 2235 supra
1328 2185 1363 2235 p
1389 2165 1470 2219 IX
1497 2169 1550 2218 et
1573 2165 1648 2234 X)
1675 2168 1895 2234 uterque
1931 2165 2209 2232 mixturae,
2247 2183 2407 2233 quam

0 2237 32 2310 ἓ-
250 2251 290 2316 {5
318 2249 654 2319 exhibuerat,
691 2251 806 2318 ipse
842 2267 1048 2319 quoque
1084 2268 1226 2303 nova
1262 2251 1560 2304 admiscuit.
1637 2253 1794 2319 atque
1831 2249 2078 2302 videntur
2113 2266 2220 2301 non
2259 2249 2407 2301 nulla

249 2334 517 2388 codicibus
557 2335 739 2388 classis
786 2335 1060 2388 deterioris
1097 2334 1312 2402 debere,
1361 2335 1612 2404 pleraque
1650 2353 1775 2388 vero
1810 2334 2114 2387 erotematis
2160 2333 2243 2385 vel
2282 2351 2405 2386 con·
2463 2394 2489 2416 ·

0 2418 23 2495 ’ξ
248 2421 494 2474 iecturae.
568 2437 687 2472 eum
733 2420 822 2488 qui
862 2419 908 2471 B
945 2415 1142 2472 librum
1180 2420 1438 2483 exaravit,
1489 2438 1553 2472 ex
1597 2438 1692 2472 suo
1742 2419 1957 2489 ingenio
1999 2418 2236 2470 hausisse
2274 2421 2401 2486 puto

187 2513 228 2545 25
250 2504 440 2558 horum
487 2505 722 2556 locorum
771 2504 1119 2557 mutationes:
1168 2501 1216 2568 6,
1243 2505 1291 2556 2.
1346 2505 1514 2573 12,1;
1573 2507 1940 2557 erotemata
1986 2503 2042 2554 in
2086 2520 2196 2554 rem
2255 2520 2404 2554 suam

249 2588 538 2642 contulisse
575 2607 611 2657 p
649 2588 735 2656 21,
764 2589 813 2641 2.
870 2589 954 2654 22,
990 2588 1102 2656 5.*)
1158 2589 1243 2657 25,
1283 2590 1329 2639 1.
1385 2589 1480 2653 33,
1519 2588 1568 2641 4.
1634 2587 1724 2653 74,
1768 2590 1793 2639 1
1834 2586 2021 2658 (χθές).
2088 2587 2172 2654 76,
2212 2588 2246 2638 2
2284 2589 2336 2638 et
2373 2587 2408 2637 4

251 2675 536 2743 (ὤφελον).
590 2673 672 2741 77,
703 2675 729 2726 1
772 2674 980 2740 (οἴμοι).
1023 2705 1082 2711 -
1124 2673 1169 2725 Τ
1209 2672 1441 2726 codicem
1481 2673 1570 2741 qui
1609 2673 1845 2741 scripsit,
1884 2671 1987 2723 sibi
2024 2670 2126 2739 ipsi
2165 2670 2405 2738 debebat,

248 2759 354 2811 nisi
379 2757 558 2826 fallor,
597 2757 684 2826 28,
717 2760 741 2809 l
764 2761 817 2810 et
833 2759 881 2811 5.
920 2759 1007 2825 57,
1030 2758 1079 2811 3.
1116 2758 1200 2822 58,
1222 2758 1258 2809 4
1282 2758 1457 2824 (βοάω
1486 2758 1638 2826 βοῶ).
1677 2757 1762 2825 59,
1783 2757 1818 2809 5
1844 2758 1897 2808 et
1922 2756 1954 2808 6
1981 2761 2032 2807 et
2058 2755 2107 2808 9.
2146 2755 2230 2819 67,
2251 2755 2408 2807 3-4.

186 2907 190 2911 ,
251 2843 337 2911 74,
368 2843 424 2911 13
462 2845 828 2895 erotemata
854 2842 1152 2912 usurpavit,
1192 2842 1400 2911 opinor,
1436 2842 1523 2910 36,
1550 2843 1598 2895 6.
1637 2842 1724 2909 41,
1751 2842 1800 2894 3.
1842 2841 1929 2908 89,
1960 2842 2003 2896 1.
2043 2839 2126 2907 94,
2147 2839 2336 2907 2-95,
2362 2841 2407 2891 1.

23 2941 25 2943 ·
122 2991 126 2994 γ
186 2937 229 2970 30
252 2944 314 2979 ex
351 2927 472 2979 aliis
517 2926 778 2980 technicis
820 2927 1024 2980 videtur
1059 2926 1298 2979 hausisse
1335 2927 1587 2994 ἀμμώδης
1623 2928 1709 2995 45,
1735 2926 1785 2978 2.
1836 2928 1911 2979 τώ
1949 2926 2034 2991 62,
2059 2925 2110 2977 4.
2149 2924 2209 2977 ὅς
2247 2924 2331 2987 65,
2363 2925 2405 2978 1.

249 3012 337 3078 66,
365 3012 413 3064 3.
471 3012 556 3076 67,
583 3013 633 3064 3.
684 3041 751 3051 -
789 3011 1011 3064 Perraro
1051 3011 1095 3062 Β
1146 3012 1479 3063 convincitur
1515 3011 1721 3063 incuria
1759 3027 2029 3079 peccasse3
2087 3008 2294 3076 saepius
2334 3007 2405 3058 T:

250 3096 336 3164 25,
363 3097 414 3148 4.
462 3096 729 3161 27,4--5.
779 3096 863 3165 34,
890 3095 1098 3160 5—35,
1130 3098 1173 3147 1.
1222 3096 1307 3163 38,
1338 3098 1359 3147 1
1394 3098 1447 3147 et
1471 3095 1521 3148 2.
1568 3096 1652 3159 40,
1678 3096 1727 3150 2.
1777 3094 1939 3158 41,1.
1988 3093 2068 3156 so,
2099 3093 2146 3145 3.

393 3250 472 3303 De
522 3251 588 3303 iis
632 3251 764 3303 artis
812 3250 1107 3318 codicibus,
1155 3268 1380 3319 quorum
1425 3250 1674 3303 notitiam
1712 3252 1899 3301 nactus
1946 3266 2086 3315 sum,
2124 3249 2406 3315 postquam

253 3336 656 3388 adnotationem
705 3335 942 3388 criticam
987 3335 1298 3405 typothetae
1335 3335 1552 3402 tradidi,
1599 3335 1745 3386 velut
1780 3332 1842 3385 de
1881 3331 2266 3384 Monacensi
2303 3331 2408 3383 284

187 3420 668 3474 35Barocciano
711 3420 837 3489 116,
878 3419 1008 3472 alias
1047 3420 1315 3473 disseram.
2111 3429 2119 3434 ’

395 3637 484 3694 De
522 3638 812 3690 vetustis
857 3636 1026 3690 artis
1063 3635 1523 3704 Dionysianae
1561 3631 2146 3703 explanationibus
2186 3630 2405 3698 diligen·

252 3721 456 3774 tissime
501 3725 624 3790 post
668 3721 1038 3774 Prellerum
1085 3720 1284 3790 (progr.
1323 3720 1550 3772 univers,
1589 3718 1811 3787 Dorpat.
1855 3717 1990 3769 1840
2024 3715 2074 3785 Ι)
2115 3718 2168 3767 et
2205 3713 2402 3765 Hoer-

253 3805 751 3862 schelmannum
789 3805 895 3876 (De
931 3805 1180 3874 Dionysii
1205 3804 1424 3856 Thracis
1461 3802 1839 3872 interpretibus
1867 3800 2154 3866 veteribUS,
2193 3798 2405 3866 Lipsiae

258 3891 419 3963 1874)
450 3890 828 3960 ,Hilgardus
884 3908 1033 3943 meus
1092 3888 1381 3957 disputavit
1427 3891 1817 3958 programmate
1873 3883 2139 3955 gymnasii
2195 3881 2405 3934 Heidel-

191 4034 235 4067 40
367 4017 410 4073 ³⁰²)
441 4017 529 4062 nisi
566 4015 638 4060 his
676 4016 855 4060 duobus
892 4016 1005 4060 locis
1037 4015 1073 4057 B
1105 4014 1163 4058 ab
1195 4018 1229 4071 2⁶5
1260 4014 1462 4070 accepit,
1501 4027 1621 4068 quae
1658 4027 1715 4057 ex
1753 4010 2021 4056 erotematis
2061 4008 2258 4052 oriunda
2286 4008 2406 4051 sunt.

179 4130 183 4133 ,
257 4100 495 4131 versamur
525 4087 648 4131 enim
679 4086 755 4130 hic
783 4086 831 4128 in
862 4099 920 4130 ea
949 4085 1062 4128 artis
1091 4086 1225 4140 parte
1258 4097 1350 4139 qua
1377 4083 1416 4126 Τ
1445 4085 1585 4127 caret.

343 4165 518 4206 Dionysii
542 4165 700 4198 Thracis
725 4175 786 4197 ars
811 4164 1064 4205 grammatica
1090 4163 1149 4194 ed.
1174 4162 1294 4201 Vhlig
2048 4161 2073 4190 c
