2808 4394
358 268 428 321 92
1005 271 1029 319 5
1061 271 1116 310 20
1146 267 1278 323 (2510)
1310 266 1399 310 EX
1428 267 1577 312 REO.
1609 267 1872 313 PRIORE

357 397 416 450 δὲ
453 394 796 449 ἀκολουθίαν.
871 394 965 448 εἰςὶ
1001 397 1062 448 δὲ
1100 394 1239 449 οἶδε·
1283 395 1342 449 εἴ
1379 396 1564 462 εἴπερ
1602 395 1738 462 εἰδή
1778 396 2075 464 εἰδήπερ.

499 478 601 548 <4>
639 480 1107 545 Παραςυναπτικοὶ
1133 481 1192 534 δέ
1230 481 1355 535 εἰςιν
1396 480 1511 535 ὅςοι
1549 483 1669 548 μεθ’
1706 482 1985 547 ὑπάρξεως
2022 484 2108 537 καὶ
2144 484 2289 541 τάξιν
2326 489 2520 552 δηλοῦ-

358 583 453 619 ςιν.
529 564 620 618 εἰςὶ
658 566 717 618 δὲ
755 564 897 618 οἶδε·
939 565 1082 618 ἐπεί
1120 565 1396 632 ἐπείπερ
1436 567 1668 631 ἐπειδή
1710 567 2084 634 ἐπειδήπερ.

2148 692 2171 705 J

360 776 732 831 [D1scnn1’AN'rxA
765 792 1050 822 somprvnAE
1083 794 1131 822 IN
1163 777 1647 835 MLGBTVHAfb]
1733 777 1760 822 1
1791 779 1899 822 ante
1931 778 1974 822 εἴ
2003 778 2097 822 add
2126 780 2228 824 ἐπεὶ
2259 779 2386 824 HAf
2410 782 2522 836 (non

354 847 406 901 T,
439 861 580 903 quem
611 847 821 892 codicem
860 847 1048 892 Bekker
1084 863 1335 906 perperam
1376 848 1563 903 adicit),
1595 848 1679 892 sed
1708 848 1756 891 in
1787 848 1831 891 H
1867 849 1961 892 tria
1983 850 2175 905 'puncta
2217 850 2374 907 posita
2416 853 2525 896 sunt

354 918 438 961 sub
485 931 597 986 voce
642 918 844 963 insiticia
898 921 904 973 Ι
1073 921 1137 976 εἴ]
1187 918 1383 963 accentu
1435 932 1528 963 vox
1579 918 1809 964 instructa
1849 921 1921 964 est
1964 920 2107 965 etiam
2151 920 2199 965 in
2243 920 2386 966 MLG
2509 923 2524 978 Η

353 988 470 1034 1-3
516 989 558 1034 εἴ
586 1014 641 1022 -
672 989 771 1034 οἶδε
803 1003 879 1034 om
909 989 948 1033 T

356 1174 750 1232 [DISCREPANTIAE
775 1192 833 1218 ΕΤ
859 1191 1150 1219 ΤΕεΤΙΜοΝΙΑ
1174 1191 1418 1224 scnomon.
1442 1179 1570 1233 (Σσ)
1597 1192 1911 1221 asomum-vm
1929 1177 2014 1233 (E)
2031 1190 2242 1220 Amouvu
2266 1179 2522 1236 semerom]

353 1245 491 1293 Schn.
540 1247 589 1290 et
634 1246 693 1289 de
745 1247 866 1301 synt.
905 1250 1026 1302 26616
1075 1247 1091 1302 ΙΙ
1580 1252 1606 1292 1
1666 1248 1706 1292 εἴ
1756 1249 1888 1302 εἴπερ
1928 1248 2029 1304 εἰδή
2083 1247 2296 1304 εἰδήπερ]
2355 1249 2522 1294 eadem

353 1316 571 1374 exempla
599 1316 648 1359 in
678 1322 729 1361 Σ
748 1329 783 1362 o·
803 1320 862 1362 Ε.
922 1318 1064 1372 atque
1095 1316 1191 1361 iam
1222 1316 1396 1376 Stoicis,
1419 1331 1512 1362 non
1543 1318 1694 1362 solum
1726 1319 1767 1363 εἶ
1797 1318 1879 1363 sed
1910 1319 2054 1363 etiam
2086 1320 2221 1374 εἴπερ
2252 1319 2522 1378 exemplum

353 1388 733 1431 coniunctionum
779 1387 1132 1444 synaptioarum
1178 1388 1299 1442 erat,
1343 1402 1388 1431 v.
1429 1387 1624 1432 Sextum
1668 1388 1845 1446 Empir,
1882 1404 1914 1446 p
1952 1395 2071 1446 311²¹
2109 1419 2146 1447 25
2184 1389 2235 1442 B.
2275 1416 2326 1423 —-
2365 1390 2521 1435 Etiam

352 1472 458 1505 cum
489 1459 569 1513 δή,
602 1458 724 1501 sicut
753 1471 859 1501 cum
890 1459 1001 1513 περ,
1040 1458 1341 1501 coniunctum
1372 1471 1472 1503 esse
1505 1460 1546 1503 εἴ
1582 1460 1692 1504 inde
1725 1459 1784 1504 ab
1816 1460 2010 1504 Homeri
2050 1462 2346 1515 carminibus,
2379 1475 2520 1506 nemo

351 1529 512 1573 nescit.
571 1529 636 1572 At
672 1528 846 1573 frustra
884 1529 1096 1584 quaesivi
1126 1529 1204 1572 vel
1234 1543 1380 1571 unum
1412 1529 1609 1573 alicuius
1639 1530 1878 1588 scriptoris
1907 1531 2088 1588 locum,
2120 1531 2202 1575 ubi
2233 1531 2426 1588 εἰδήπερ
2455 1532 2521 1577 le-

350 1600 555 1655 geretur.
613 1599 819 1644 necdum
864 1598 1187 1643 Herodianum
1231 1599 1351 1643 hanc
1395 1613 1559 1644 vocem
1603 1600 1788 1645 novisse
1834 1614 1892 1645 ex
1934 1600 2039 1646 loco
2084 1603 2271 1647 Ioannis
2318 1602 2522 1647 Alexan-

350 1670 474 1713 drini
511 1675 668 1726 4ςο11.25
706 1670 912 1728 conligo,
961 1670 1043 1714 ubi
1086 1670 1144 1714 de
1192 1670 1461 1714 accentibus
1508 1671 1889 1716 coniunctionum
1930 1672 2159 1717 disserens
2195 1672 2438 1718 technicus
2481 1675 2523 1719 εἴ

350 1742 454 1786 ἐπεί
485 1741 618 1797 εἴπερ
650 1741 846 1797 ἐπείπερ
879 1741 976 1797 εἰδή
1009 1742 1170 1797 ἐπειδή
1203 1742 1455 1797 ἐπειδήπερ
1487 1743 1689 1798 profert,
1729 1743 1811 1786 sed
1848 1743 1967 1787 nihil
1998 1743 2116 1787 dicit
2144 1743 2202 1788 de
2243 1744 2459 1800 εἰδήπερε
2492 1746 2520 1789 6

351 1813 399 1856 εἴ
438 1815 720 1858 ςυναπτικὸς
763 1815 837 1857 καὶ
877 1814 902 1857 6
941 1812 1067 1856 ἐπεί
1105 1814 1520 1869 παραςυναπτικὸς
1559 1815 1853 1869 ςυνεςτηκὼς
1892 1816 2019 1870 παρὰ
2054 1818 2145 1870 τὴν
2184 1815 2261 1860 ἐπί
2300 1815 2522 1871 πρόθεςιν

350 1885 426 1927 καὶ
464 1885 552 1928 τὸν
591 1884 632 1929 εἴ
666 1885 920 1938 ςύνδεςμον
960 1874 1248 1927 ςυναπτικὸν
1288 1884 1556 1928 ὀξύνονται.
1593 1917 1741 1931 .....
1802 1886 1853 1929 ‘O
1901 1885 2024 1941 εἰδή
2069 1887 2146 1930 καὶ
2189 1886 2388 1940 ἐπειδή
2433 1886 2521 1931 δύο

353 1955 469 2010 μέρη
501 1956 647 2008 λόγου
681 1956 805 2000 ἐςτὶν
837 1956 1113 2008 ὀξυνόμενα.
1163 1953 1342 2009 ὁμοίως
1374 1957 1449 1998 καὶ
1481 1956 1507 1999 6
1539 1955 1701 2011 εἴπερ
1733 1957 1808 2000 καὶ
1840 1957 1866 1999 6
1899 1956 2148 2012 ἐπείπερ
2179 1958 2255 2001 καὶ
2286 1957 2521 2011 ἐπειδή-

350 2037 474 2080 περ·
526 2026 631 2070 ἀλλ’
668 2027 826 2080 ἐπειδὴ
873 2022 1132 2079 ἐῨκλιτικός
1173 2026 1296 2070 ἐςτιν
1335 2027 1361 2069 6
1401 2026 1511 2081 πέρ,
1562 2026 1729 2081 ἐγείρει
1766 2028 1856 2081 τὴν
1894 2028 1988 2082 πρὸ
2027 2028 2200 2086 αὐτοῦ,
2226 2026 2521 2083 βαρεῖαν“εῖς

349 2098 521 2151 ὀξεῖαν,
554 2099 620 2142 ὡς
651 2097 676 2140 ὁ
708 2098 763 2141 κέ
792 2098 844 2141 ἐν
877 2097 972 2141 εἴκε
1002 2097 1118 2141 αἴκε.
1157 2110 1182 2140 e
1204 2110 1297 2152 quo
1327 2096 1430 2140 loco
1460 2096 1550 2141 hoc
1571 2111 1758 2153 quoque
1787 2099 1923 2154 patet
1952 2098 2207 2141 secundum
2237 2097 2521 2142 sententiam

348 2167 609 2211 Herodiani
645 2167 945 2211 scribendum
985 2181 1084 2211 esse
1118 2167 1158 2212 εἰ
1189 2168 1245 2222 δή
1279 2167 1328 2210 et
1359 2166 1400 2210 εἴ
1429 2181 1535 2223 περ.
1567 2193 1619 2199 -
1651 2167 1824 2222 Nemo,
1863 2167 1991 2225 quod
2027 2169 2193 2223 sciam,
2234 2170 2315 2213 ἐάν
2351 2181 2520 2218 vocem

348 2238 611 2284 nominavit
640 2240 929 2284 ςυναπτικὸν
960 2239 1224 2292 ςὺνδεςμον,
1256 2251 1543 2293 quamquam
1572 2238 1694 2283 hanc
1715 2239 1931 2283 voculam
1962 2253 2020 2283 ex
2050 2239 2092 2284 εἴ
2121 2240 2170 2284 et
2199 2241 2258 2284 ἄν
2289 2240 2519 2297 composi-

348 2312 447 2354 tam
490 2323 590 2354 esse
629 2323 770 2365 saepe
809 2308 1027 2353 audimus
1066 2310 1125 2363 (e.
1159 2323 1202 2365 g.
1234 2313 1285 2353 Σ
1312 2313 1414 2365 9679
1444 2307 1533 2352 ΑΟ
1566 2309 1634 2353 ΙΙΙ
1665 2315 1785 2366 28025
1815 2310 1910 2353 EM
1940 2314 2094 2366 30724).
2154 2310 2264 2355 vide
2302 2311 2427 2356 infra
2456 2312 2517 2356 ad

348 2386 416 2435 93,
449 2386 475 2425 2
525 2382 541 2437 ΙΙ
902 2379 932 2425 2
972 2385 1404 2436 παραςυναπτικῶν
1441 2393 1612 2424 nomen
1652 2381 1827 2424 mansit
1869 2394 2018 2438 usque
2064 2380 2124 2425 ad
2164 2382 2374 2426 extrema
2411 2383 2519 2428 aevi

347 2451 562 2509 Byzantii
607 2453 836 2509 tempora.
902 2451 1333 2496 subcontinuativae
1379 2450 1681 2507 appellantur
1727 2465 1756 2495 a
1800 2452 2050 2496 Prisciano.
2119 2453 2265 2497 ceteri
2313 2454 2519 2498 technici

346 2523 486 2566 latini
523 2537 602 2568 eas
640 2522 1012 2578 coniunctiones,
1049 2536 1170 2578 quae
1210 2523 1313 2566 ἐπεί
1348 2521 1543 2566 voculae
1594 2522 1903 2578 respondent,
1953 2523 2196 2579 ponebant
2242 2524 2369 2568 inter
2412 2538 2519 2569 cau-

349 2595 468 2638 sales
501 2595 549 2638 et
578 2594 831 2639 rationales
884 2595 891 2647 Ι
1257 2594 1355 2637 ὅςοι
1386 2594 1487 2648 μεθ’
1518 2594 1766 2648 ὑπάρξεως
1802 2596 1879 2638 καὶ
1909 2594 2038 2638 τάξιν
2077 2596 2296 2650 δηλοῦςιν
2340 2597 2516 2640 testan-

347 2666 426 2708 tur
455 2666 520 2710 Σ1
560 2666 670 2709 ante
708 2669 834 2722 96631
867 2665 933 2708 Σ1
963 2669 1062 2720 9661
1101 2669 1151 2708 Σ
1178 2669 1335 2721 966;,1,,5
1374 2663 1500 2720 (Hel)
1534 2667 1636 2708 σΕ
1671 2663 2076 2712 Pseudochoerob.
2102 2670 2206 2722 19³0·
2266 2679 2351 2710 nec
2382 2666 2531 2718 aliud=

348 2734 518 2793 legisse
558 2735 817 2780 censendus
856 2737 927 2779 est
955 2740 1005 2780 Σ
1032 2740 1149 2791 96611
1182 2737 1391 2792 (Anon.)‚
1434 2748 1720 2791 quamquam
1758 2735 1969 2792 loquitur
2006 2736 2141 2792 quasi
2179 2737 2296 2791 μετὰ
2334 2737 2516 2783 τάξεως

348 2809 425 2851 καὶ
474 2808 671 2862 ὕπαρξιν
721 2807 911 2864 legerit:
969 2809 995 2851 6
1045 2808 1097 2851 δὲ
1145 2807 1626 2864 <παρα>ςυναπτικὸς
1676 2808 1793 2862 πρὸς
1844 2811 1915 2860 τῷ
1967 2806 2089 2862 (UH
2139 2820 2390 2863 perperam
2438 2809 2516 2865 τὸ)

348 2878 631 2922 ἀκολουθίαν
663 2879 901 2934 ςημαίνειν
933 2880 1007 2922 καὶ
1048 2879 1298 2923 ςυνάπτειν
1330 2879 1449 2933 πρὸς
1482 2878 1646 2933 ἕτερον
1677 2878 1832 2932 νόημα
1871 2879 1947 2922 καὶ
1977 2878 2192 2934 ὑφίςτηςι
2221 2880 2279 2923 τὸ
2311 2882 2517 2935 πρᾶγμα.

348 2948 565 2993 similiter
602 2960 638 2995 σ
669 2948 891 3005 explanat
920 2948 1131 3005 Dionysii
1170 2948 1336 2993 verba:
1388 2948 1654 3005 ςημαίνουςι
1685 2949 1735 2991 δὲ
1772 2949 1971 3003 ὕπαρξιν
2003 2950 2120 3003 μετὰ
2150 2949 2330 2996 τάξεως
2361 2951 2516 2996 οὕτως

2543 425 2568 455 p
2583 417 2698 456 64³le-

2543 584 2566 616 3

349 3023 450 3064 κτλ.
512 3023 562 3064 Σ
590 3025 709 3075 96631
739 3021 922 3064 autem:
961 3021 1096 3064 οὗτοι
1126 3021 1202 3063 καὶ
1239 3021 1438 3074 ὕπαρξιν
1469 3021 1545 3063 καὶ
1575 3020 1705 3062 τάξιν
1735 3021 1968 3075 δηλοῦςιν.
1999 3045 2054 3051 -
2095 3019 2163 3063 cfr
2193 3020 2337 3064 etiam
2367 3019 2517 3066 erinis
2541 3046 2552 3052 κ

350 3090 532 3135 Stoicus
564 3090 690 3147 apud
710 3089 949 3135 Laertium
971 3091 1056 3135 VII
1088 3095 1111 3144 g
1135 3095 1208 3134 71:
1244 3091 1583 3144 ἐπαγγέλλεται
1615 3091 1665 3133 δὲ
1695 3090 1721 3133 6
1753 3091 2004 3144 ςύνδεςμος
2036 3090 2138 3145 (scil
2168 3091 2290 3147 ἐπεί)
2319 3092 2515 3136 ἀκολου-

350 3166 449 3205 θεῖν
495 3176 548 3206 τε
585 3163 643 3206 τὸ
689 3163 915 3218 δεύτερον
959 3167 1029 3219 τῷ
1071 3162 1252 3218 πρώτῳ
1298 3163 1374 3205 καὶ
1413 3162 1471 3204 τὸ
1512 3164 1707 3215 πρῶτον
1752 3161 2030 3215 ὑφεςτάναι,
2070 3163 2119 3206 et
2147 3160 2425 3217 Apollonius
2455 3162 2514 3206 de

261 3266 271 3274 .
350 3231 469 3275 coni.
499 3237 598 3287 5011
630 3232 681 3276 Β.
720 3238 840 3291 23413
878 3234 1037 3278 Schn.:
1079 3233 1123 3277 οἱ
1167 3233 1469 3285 αἰτιολογικοὶ
1515 3232 1756 3286 ςύνδεςμοι
1801 3233 1877 3275 καὶ
1921 3232 2198 3277 ἀκολουθίας
2245 3232 2328 3277 εἰςί
2372 3233 2515 3277 πάλιν

350 3304 553 3346 δεκτικοὶ
598 3306 674 3347 καὶ
718 3304 1070 3365 <ὑποίρ>ξεως,θ
1098 3306 1164 3348 ὡς
1211 3306 1286 3348 καὶ
1325 3304 1490 3358 ςχεδὸν
1528 3306 1628 3346 τοῖς
1675 3307 2104 3357 παραςυναπτικοῖς
2149 3303 2194 3347 οἱ
2232 3303 2374 3347 ἀὐτοί
2417 3302 2514 3350 εἰςι.

350 3373 491 3417 Prisc.
522 3373 589 3416 III
621 3378 732 3429 9422:
764 3375 1194 3420 subcontinuativae
1223 3386 1326 3419 vero
1357 3385 1546 3418 causam
1569 3372 1934 3418 continuationis
1963 3372 2212 3417 ostendunt
2241 3385 2513 3430 consequen-

350 3448 437 3488 tem
477 3457 579 3488 cum
617 3446 810 3490 essentia
853 3460 1030 3500 rerum,
1076 3451 1129 3490 ut
1167 3445 1385 3502 quoniam
1425 3444 1538 3499 quia
1587 3443 1603 3499 ΙΙ
1898 3444 1930 3489 3
1963 3443 2066 3488 ἐπεί
2110 3444 2306 3500 ἐπείπερ
2350 3446 2511 3501 ἐπειδή

352 3515 626 3571 ἐπειδήπερ]
671 3516 837 3560 eadem
878 3517 1095 3574 exempla
1124 3518 1189 3562 ΣΙ
1223 3526 1257 3562 σ
1288 3518 1355 3569 Ε,
1397 3513 1562 3558 eadem
1603 3513 2078 3559 etiam-Herodianus
2116 3515 2241 3572 apud
2279 3516 2343 3561 Io.
2376 3515 2511 3562 Alex.

353 3716 636 3773 [Luc-mouns
678 3717 890 3771 suumn]
1008 3716 1033 3759 1
1071 3729 1156 3772 pro
1197 3715 1479 3761 ἀκολουθίαν
1515 3714 1755 3759 invenitur
1791 3714 1918 3758 idem
1963 3727 2134 3758 nomen
2173 3715 2509 3772 armeniacum,

351 3787 477 3843 quod
508 3801 615 3831 mox
655 3786 927 3843 usurpatur,
967 3787 1047 3829 ubi
1079 3790 1209 3832 τάξιν
1241 3787 1490 3843 Dionysius
1530 3785 1658 3830 dicit.
1718 3786 1766 3828 et
1805 3785 1966 3829 addita
1997 3787 2067 3830 est
2102 3785 2173 3829 illi
2212 3785 2390 3831 nomini
2419 3799 2509 3830 vox

351 3872 470 3913 quae
510 3857 747 3913 significat
783 3857 889 3900 τινά
945 3859 951 3911 Ι
1099 3858 1317 3914 exempla
1355 3859 1578 3912 quattuor
1623 3855 1792 3911 quibus
1836 3856 2011 3907 imitari
2057 3857 2253 3901 conatur
2291 3856 2334 3901 εἴ
2378 3856 2510 3912 εἴπερ

351 3929 451 3983 εἰδή
490 3929 685 3984 εἰδήπερ
747 3930 763 3984 ΙΙ
910 3926 939 3971 2
978 3931 1086 3983 μεθ’
1116 3929 1360 3983 ὑπάρξεως
1398 3930 1473 3973 καὶ
1510 3928 1640 3972 τάξιν
1669 3925 1863 3982 legebat
1909 3929 1926 3984 ΙΙ
2032 3928 2063 3973 3
2104 3927 2206 3972 ἐπεί
2237 3951 2294 3959 --
2321 3928 2509 3983 ἐπειδή-

353 4001 461 4054 περ]
501 3999 593 4043 tria
628 4002 815 4043 tantum
859 3998 1075 4055 exempla
1117 3999 1282 4042 habet:
1322 4000 1462 4054 chan,
1494 3998 1679 4052 chanzi,
1717 3999 1903 4042 uasnzi.
1964 3997 2056 4042 Sed
2100 3997 2287 4042 videtur
2329 3997 2512 4042 incuria

351 4068 532 4113 librarii
561 4070 849 4113 intercidisse
880 4083 1007 4115 wasn
1037 4072 1144 4114 ante
1175 4073 1346 4115 wasnzi
2117 4082 2121 4087 '
