2814 4400
435 275 563 320 LXII
1203 274 1423 318 MERXII
1453 273 1821 319 DISPVTATIO

439 403 820 473 grammaticae
860 402 1238 471 philosophae,
1284 421 1441 471 quam
1479 403 1648 455 nostri
1686 402 1992 472 generalem
2028 405 2367 472 nuncupant,
2411 405 2480 456 'ea
2517 421 2604 456 ex-

437 490 638 557 ciperet
682 505 832 555 parS,
884 505 988 556 qua
1034 487 1316 540 verborum
1365 490 1419 539 et
1462 487 1739 562 nominum
1783 487 2040 539 flexiones
2087 504 2274 540 omnes
2323 506 2430 541 uno
2481 506 2605 541 con-

439 576 621 641 spectu
671 571 1074 638 exhiberentur,
1125 590 1350 641 quarum
1400 571 1466 624 ad
1513 570 1757 625 normam¹
1806 574 2012 625 ceterae
2057 589 2214 624 voces
2259 576 2438 626 essent
2482 591 2606 626 con-

437 657 761 710 formandae.

1489 784 1543 837 II
2647 797 2670 830 5
2788 795 2805 822 ς

579 884 735 936 Hanc
772 884 940 954 igitur
977 884 1480 953 interpretationem
1520 884 1669 936 cuius
1708 883 1968 936 ambitum
2007 889 2061 936 et
2091 883 2495 953 dispositionem
2521 883 2607 937 de-

436 970 775 1039 scripsimus,
825 968 1037 1022 Cirbied
1090 969 1257 1021 edidit
1294 987 1322 1021 e
1360 968 1615 1022 duobus
1662 969 1859 1022 libris
1905 969 2386 1037 manuscriptis
2424 967 2607 1021 Pari-

436 1046 802 1118 siensibuS‚
864 1072 1088 1123 quorum
1144 1054 1279 1106 alter
1335 1071 1557 1107 numero
1612 1044 1712 1106 ’124
1759 1053 2052 1124 insignitus
2065 1094 2080 1121 ,
2137 1053 2416 1106 duodecim
2460 1051 2651 1106 foliis.

435 1139 642 1192 formae
690 1139 940 1191 minimae
993 1141 1164 1191 totam
1211 1138 1615 1208 grammaticam
1665 1138 1882 1192 exhibet
1920 1139 2155 1208 exceptis
2194 1139 2397 1192 ultimis
2434 1137 2608 1191 tribus

438 1225 720 1293 capitibuS,
759 1223 1129 1292 paradigmate
1167 1222 1466 1285 verborum,
1510 1223 1822 1276 collectione
1858 1224 2199 1291 scholiorum,
2238 1223 2606 1294 paradigmate
2629 1236 2671 1269 ¹0

436 1309 733 1362 nominum.
808 1307 995 1373 Liber,
1036 1308 1122 1360 cui
1159 1307 1309 1359 deest
1344 1306 1602 1360 indicatio
1641 1310 1896 1378 temporis
1908 1349 1923 1377 ,
1965 1327 2027 1361 ex
2065 1308 2299 1362 Girbiedi
2337 1308 2608 1362 sententia

437 1394 634 1446 saeculi
684 1396 765 1445 est
813 1392 1005 1445 decimi
1052 1392 1244 1461 quinti.
1322 1391 1650 1446 Pertinuisse
1689 1393 1961 1462 quondam
1998 1395 2141 1447 hunc
2179 1394 2376 1447 librum
2415 1393 2482 1446 ad
2519 1411 2609 1447 vo-

437 1479 615 1530 lumen
655 1477 872 1530 maioris
912 1476 1066 1529 molis
1104 1495 1166 1529 ex
1205 1476 1554 1531 adnotatione
1590 1477 1740 1531 finali
1776 1478 1951 1531 effecit
1977 1477 2209 1548 Girbied,
2247 1497 2406 1548 quam
2441 1478 2607 1549 signi·

434 1564 593 1616 ficare
631 1562 823 1615 statuit
859 1579 921 1615 ex
961 1561 1162 1614 XXII
1192 1562 1342 1616 libro,

578 1648 731 1700 Alter
770 1646 936 1701 codex
974 1665 1196 1699 numero
1238 1648 1336 1700 127
1375 1647 1685 1718 insignitus,
1722 1648 1930 1701 formae
1967 1648 2237 1718 minimae,
2277 1649 2490 1702 saeculo
2523 1648 2610 1702 de·
2632 1660 2674 1693 15

434 1734 571 1787 cimo
621 1735 811 1803 quarto
866 1722 948 1784 vel
997 1732 1187 1800 quinto
1246 1733 1467 1786 ineunte
1515 1733 1744 1802 scriptus
1754 1774 1770 1802 ,
1822 1736 1996 1786 totum
2044 1734 2187 1803 quod
2234 1733 2611 1804 descripsimus

437 1818 778 1872 enchiridion
826 1817 1094 1886 continet,
1142 1817 1249 1870 nisi
1296 1818 1435 1887 quod
1479 1818 1713 1888 primum
1760 1818 1950 1872 folium
1995 1819 2179 1889 periit,
2227 1819 2305 1873 ita
2339 1822 2400 1872 ut
2436 1818 2614 1889 prima

437 1904 616 1974 capita
655 1902 994 1974 (duodecima
1031 1901 1143 1954 fere
1169 1902 1449 1956 enchiridii
1474 1906 1623 1973 pars)
1663 1922 1727 1957 ex
1754 1922 1862 1957 uno
1889 1907 2102 1958 tantum
2127 1905 2308 1959 codice
2339 1904 2441 1958 124
2468 1905 2613 1958 edita

436 1990 563 2042 sint.
642 1988 892 2042 Ceterum
931 1987 987 2039 hi
1026 1987 1234 2040 codices
1273 1988 1406 2041 adeo
1443 1989 1585 2042 inter
1622 2007 1679 2042 se
1718 1992 2047 2059 congruunt,
2088 1993 2147 2044 ut
2179 2007 2476 2060 perpaucae
2502 1989 2613 2044 sint

435 2075 692 2127 lectiones
743 2073 1108 2142 discrepantes
1154 2086 1383 2142 eaeque·
1401 2074 1602 2127 nullius
1648 2074 1870 2128 omnino
1916 2076 2192 2128 momenti.
2269 2074 2423 2138 Quod
2466 2094 2502 2144 p
2544 2075 2674 2130 17²0

437 2179 465 2212 e
505 2159 684 2213 codice
725 2158 827 2211 124
863 2159 1105 2224 affertur,
1157 2175 1448 2211 consonam
1485 2163 1514 2215 Ζ
1553 2177 1615 2211 ex
1652 2180 1677 2213 s
1710 2164 1764 2213 et
1787 2163 1886 2226 -tga
1925 2160 2278 2230 compositam
2317 2159 2448 2225 dici,
2488 2177 2610 2213 cum

435 2246 600 2299 codex
630 2244 728 2297 127
769 2261 832 2296 ex
869 2260 896 2296 s
942 2246 995 2295 et
1031 2244 1067 2295 d
1103 2244 1405 2296 coniunctis
1443 2262 1559 2296 eam
1586 2248 1823 2303 exortam
1857 2246 2060 2311 doceat,
2099 2245 2297 2299 falsum
2335 2248 2443 2325 e-st:
2479 2262 2608 2302 nam

436 2330 579 2400 quod
611 2329 779 2382 'habet
817 2329 981 2381 codex
1013 2329 1109 2380 127
1151 2346 1269 2380 cum
1307 2346 1501 2399 graeco
1540 2348 1759 2398 prorsus
1799 2332 2077 2385 convenit:
2116 2333 2177 2385 τὸ
2215 2333 2311 2397 μὲν
2350 2336 2378 2388 ζ
2415 2331 2475 2385 ἐκ
2508 2333 2608 2385 τοῦ

437 2514 721 2584 graphiam
759 2513 1115 2566 armeniacam
1154 2516 1379 2582 spectat,
1419 2513 1495 2566 ita
1532 2517 1592 2567 ut
1626 2514 1727 2568 hoc
1762 2516 1880 2569 loco
1915 2516 2128 2570 silentio
2162 2515 2609 2585 praetereundum
2629 2536 2692 2573 εὖ,

436 2445 474 2484 σ
510 2432 597 2484 καὶ
643 2420 690 2483 S.
766 2429 918 2491 Quod
956 2447 991 2497 p
1029 2427 1099 2482 39
1147 2431 1200 2481 et
1245 2428 1314 2482 58
1364 2447 1427 2481 ex
1476 2429 1659 2482 codice
1703 2430 1804 2483 124
1847 2432 2117 2501 prolatum
2163 2433 2264 2496 est,
2315 2430 2381 2483 ad
2428 2429 2608 2484 ortho⁴
2715 2461 2722 2466 -
2804 2427 2814 2503 J

437 2601 522 2653 sit.
586 2598 713 2652 Vno
754 2599 867 2651 loco
906 2617 940 2667 p
978 2597 1064 2663 24,
1103 2598 1195 2650 ubi
1232 2597 1440 2650 codices
1479 2599 1621 2651 inter
1659 2617 1716 2652 se
1753 2599 2023 2670 differunt,
2064 2600 2440 2654 emendatione
2476 2617 2609 2670 opus
2652 2666 2654 2668 ,
2738 2647 2755 2662 ,λ
2780 2626 2811 2665 j,

437 2688 534 2753 est,
575 2702 701 2737 nam
739 2700 838 2753 pro
878 2683 1249 2763 &sdegkatgajn
1286 2683 1411 2735 libri
1442 2683 1539 2736 127
1572 2686 1627 2737 et
1663 2686 1904 2756 eeatgajn
1939 2686 2063 2739 libri
2092 2685 2193 2738 124
2217 2684 2363 2738 facili
2389 2683 2610 2755 negotio

434 2783 647 2837 restitui
693 2786 876 2852 potest
920 2784 1012 2836 &sd
1056 2798 1110 2836 ez
1156 2783 1407 2851 ant—zaja,
1468 2784 1606 2853 quod
1655 2786 2049 2862 accuratissime
2105 2785 2394 2854 respondet
2437 2785 2611 2838 textui

437 2886 629 2939 graeco
666 2869 788 2923 καθ’
825 2869 886 2922 ἓν
924 2867 1171 2935 ἄφωνον.
1235 2867 1317 2920 De
1356 2867 1601 2921 lectionis
1641 2871 1900 2923 varietate
1938 2871 2006 2923 ad
2043 2889 2254 2923 versum
2279 2869 2464 2923 Iliadis
2500 2870 2548 2925 Ξ
2578 2870 2603 2923 1

438 2955 797 3023 pertinentem
843 2951 962 3004 vide
1008 2952 1149 3004 infra
1195 2953 1262 3005 ad
1308 2971 1343 3022 p
1381 2953 1475 3018 22,
1512 2955 1560 3006 2.
1643 2954 1790 3008 Haec
1847 2955 2022 3009 omnis
2070 2959 2152 3009 est
2198 2959 2354 3025 quam
2392 2953 2607 3009 Girbied
2629 2965 2694 3024 ²¹⁰⁴
2742 2955 2744 2957 ’
2779 2947 2814 2977 ⁵⁵

438 3039 665 3109 protulit
713 3037 979 3092 scribendi
1028 3037 1412 3107 discrepantia,
1463 3056 1561 3092 nec
1607 3042 1788 3093 tamen
1833 3040 1958 3093 inde
1996 3040 2181 3110 colligi
2218 3040 2364 3109 licet,
2402 3041 2609 3094 textum

436 3125 797 3177 armeniacum
845 3122 1064 3175 omnino
1113 3140 1227 3175 esse
1266 3141 1480 3189 sanum,
1532 3141 1687 3193 quem
1725 3125 1931 3178 mendis
1968 3125 2215 3178 laborare
2261 3127 2496 3193 constat,
2543 3125 2608 3178 de

436 3210 627 3279 quibus
662 3213 843 3262 tamen
882 3207 987 3261 hoc
1023 3207 1139 3260 loco
1178 3208 1446 3278 agendum
1484 3208 1617 3261 mihi
1655 3227 1762 3262 non
1802 3213 1899 3266 est.

579 3293 797 3347 Praeter
846 3292 1245 3362 grammaticam
1296 3292 1539 3363 Dionysii
1589 3293 1756 3347 codex
1798 3295 1895 3348 127
1944 3296 2188 3349 continet
2233 3295 2397 3349 etiam
2442 3312 2606 3348 com-

436 3379 824 3443 mentariOS,
864 3394 995 3446 quos
1034 3378 1089 3429 in
1129 3395 1246 3430 eam
1285 3378 1351 3431 ab
1389 3378 1507 3431 aliis
1543 3379 1894 3447 scriptoribus
1931 3381 2249 3434 armeniacis
2283 3379 2671 3450 compositosas

436 3567 556 3602 cum
605 3548 739 3601 haec
785 3566 870 3601 res
918 3548 1197 3601 tractanda
1241 3547 1507 3617 videatur,
1557 3548 1648 3601 ubi
1687 3548 1750 3602 de
1798 3552 1973 3602 aetate
2011 3546 2257 3621 agemuS,
2303 3568 2409 3620 qua
2443 3549 2606 3604 inter·

436 3634 665 3703 pretatio
704 3633 1005 3686 armeniaca
1043 3633 1287 3686 confecta
1325 3633 1412 3686 sit.

580 3718 846 3771 Tertius
873 3717 1100 3787 denique
1129 3718 1333 3771 codex
1368 3720 1543 3771 exstat
1569 3721 1704 3771 teste
1732 3718 1978 3772 Cirbiedo
2007 3718 2309 3773 Venetiis
2333 3719 2393 3772 in
2418 3717 2604 3772 biblio-

438 3804 595 3857 theca
614 3802 1124 3869 Mekhitaristarum,
1146 3803 1202 3855 in
1222 3821 1328 3872 quo
1350 3805 1533 3855 tamen
1553 3804 1735 3856 omnia
1750 3802 1957 3869 desunt,
1974 3822 2110 3874 quae
2131 3806 2426 3874 sequuntur
2445 3805 2605 3872 caput
2624 3815 2669 3851 w
2736 3816 2740 3818 ⁷
2766 3774 2814 3868 ³2⁹3*

440 3890 503 3941 de
525 3887 791 3959 prosodia.
856 3886 1044 3956 Itaque
1072 3888 1247 3956 capita
1274 3887 1337 3940 de
1363 3887 1591 3941 flexione
1618 3889 1899 3942 verborum
1923 3889 2038 3942 rell.
2068 3908 2132 3942 ex
2158 3887 2270 3942 solo
2297 3887 2476 3942 codice
2503 3886 2602 3941 127
2690 3916 2691 3921 =

439 3990 764 4043 cognoscere
803 3972 942 4026 licet.
1006 3971 1254 4025 Ceterum
1294 3975 1393 4025 hoc
1418 3990 1628 4043 quoque
1659 3973 1840 4027 codice
1867 3974 2211 4027 continentur
2236 3970 2603 4026 commentarii

440 4058 507 4109 ab
548 4058 749 4111 Ioanne
789 4057 1056 4128 Ezngatsi
1105 4056 1333 4110 collecti.
1411 4057 1620 4111 Codicis
1667 4062 1898 4111 aetatem
1937 4058 2152 4112 Girbied
2199 4074 2307 4111 non
2343 4056 2599 4111 definivit.
