2808 4394
389 251 458 302 32
903 231 907 240 '
1039 249 1064 297 s
1099 253 1149 291 12
1183 249 1272 303 (14)
1331 249 1419 292 Ex
1458 248 1605 296 nnc,
1638 248 1900 294 Pmoun

388 378 419 442 ἡ
497 379 556 430 δὲ
627 377 877 440 αἰτιατικὴ
939 375 976 443 †
1037 376 1148 428 κατ’
1210 376 1522 444 αἰτιατικὴν,
1589 378 1620 441 ἡ
1684 379 1743 430 δὲ
1805 378 2016 442 κλητικὴ
2078 382 2742 445 upocotssopeunxfi.1>6³6b'

464 510 466 512 ,
529 462 917 514 Ὑποπέπτωκε
957 462 1016 512 δὲ
1054 466 1129 529 τῷ
1168 460 1392 527 ὀνόματι
1428 466 1609 526 ταῦτα,
1649 462 1682 513 ἃ
1721 463 1804 515 καὶ
1842 461 1978 514 αὐτὰ
2022 461 2134 527 εἴδη
2161 465 2551 530 προςαγορεύε-

389 588 747 644 [D1sanPAn‘r1A
797 600 1072 630 scmprvssAn
1110 602 1159 630 IN
1198 575 1683 644 MLGBTVHAfb]
1788 586 1814 630 1
1854 589 1965 631 κατ’
2003 587 2263 642 αἰτιατικὴν
2299 588 2420 634 MG:
2471 576 2553 634 ¹Kot-

386 661 439 702 τ’
458 659 674 713 αἰατικήν
695 657 751 711 L;
784 659 895 702 κατ’
926 657 1110 712 αἰτικὴν
1133 657 1287 701 αἰτίαν
1310 656 1360 711 Β,
1394 658 1477 702 sed
1510 658 1568 702 ab
1601 658 1751 702 altera
1779 672 1921 701 manu
1952 672 2026 701 ατι
2057 672 2199 714 supra
2227 659 2412 715 αἰτικὴν
2443 660 2552 703 scri-

386 730 522 785 ptum
554 730 623 773 est
654 730 702 773 et
727 728 996 772 breviatum
1018 729 1201 780 λέγεται
1235 742 1378 785 supra
1408 728 1586 782 αἰτίαν;
1619 732 1723 773 κατ’
1753 729 1908 773 αἰτίαν
1940 727 2154 772 VHAfb
2176 730 2192 785 ΙΙ
2268 727 2297 772 2
2327 731 2447 774 αὐτὰ
2477 743 2553 774 om

386 799 584 853 VHAf,
635 802 710 844 καὶ
741 800 863 843 αὐτὰ
892 813 969 842 om
998 798 1036 841 T
1062 800 1069 854 Ι
1123 801 1553 854 προςαγορεύονται
1585 800 1620 842 Β

388 875 769 954 [DIScREPAN‘rIAE
790 915 844 941 ET
863 913 1134 941 TESTIMONIA
1147 914 1427 942 scnomonvn
1439 901 1506 955 (Σ
1513 908 1548 943 σ
1558 902 1609 954 λ)
1628 913 1863 942 ERo'rEMAa
1868 914 1929 942 vM
1942 902 2022 954 (E)
2041 914 2239 943 ALIORVM
2256 899 2553 956 scmp'ronvu]
2581 950 2583 953 v
2651 943 2656 948 ,

383 968 546 1013 Prisca
603 969 788 1014 dativus
833 983 963 1025 quem
1009 969 1146 1012 etiam
1193 969 1602 1013 commendativum
1647 970 1838 1025 quidam
1881 973 2269 1025 nuncupaverunt
2539 970 2551 1026 Ιῇ

385 1041 411 1084 1
443 1043 554 1083 κατ’
585 1040 862 1096 αἰτιατικὴν]
902 1040 1023 1083 hanc
1054 1041 1318 1096 corruptam
1351 1039 1600 1083 meliorum
1631 1040 1842 1084 codicum
1875 1041 2153 1097 scripturam
2183 1039 2381 1096 praebet
2410 1039 2553 1084 etiam

384 1110 451 1154 Σι
471 1114 606 1166 86925.
641 1112 793 1167 primo
817 1110 986 1154 obtutu
1007 1111 1196 1167 videtur
1217 1124 1274 1154 ea
1295 1124 1351 1154 ex
1374 1113 1476 1154 κατ’
1497 1110 1666 1165 αἰτίαν,
1691 1111 1817 1166 quod
1839 1125 1867 1155 a
1889 1110 2208 1156 Choerobosco
2231 1122 2418 1166 quoque
2442 1113 2551 1166 (111)

384 1180 646 1238 legebatur,
669 1183 782 1225 nata
804 1195 902 1225 esse
923 1195 1071 1237 prava
1092 1180 1413 1239 antecedentis
1430 1180 1557 1225 vocis
1571 1180 1876 1237 repetitione;
1901 1195 2068 1226 revera
2082 1180 2346 1225 mutilando
2363 1182 2466 1225 orta
2483 1183 2555 1225 est

387 1264 444 1294 ex
484 1264 541 1295 ea
575 1251 778 1295 lectione
823 1265 943 1307 quae
982 1252 1031 1294 in
1074 1264 1108 1296 σ
1148 1251 1408 1294 invenitur:
1457 1253 1576 1295 κατὰ
1615 1251 1876 1306 αἰτιατικὴν
1915 1252 2137 1307 ςημαςίαν
2176 1252 2378 1304 λέγεται,
2434 1245 2552 1296 haec

387 1323 546 1365 autem
576 1322 723 1365 verba
754 1335 864 1365 sane
897 1335 953 1365 ex
983 1323 1096 1365 κατ’
1125 1321 1279 1366 αἰτίαν
1311 1321 1436 1365 sacta
1465 1321 1688 1365 videntur
1708 1322 1766 1365 ab
1789 1322 1965 1380 aliquo,
1995 1322 2078 1377 qui
2098 1323 2266 1366 clarius
2287 1321 2551 1378 significare

385 1391 575 1435 volebat
605 1392 692 1435 hoc
723 1392 836 1435 artis
866 1392 968 1436 loco
999 1405 1107 1446 non,
1141 1392 1262 1435 sicut
1292 1391 1459 1436 ceteris
1490 1392 1548 1434 de
1580 1392 1847 1436 nominibus
1879 1405 2068 1435 casuum
2099 1392 2379 1445 enuntiatis,
2411 1392 2551 1437 aliam

385 1455 756 1518 appellationem
786 1463 1001 1520 proferri,
1033 1462 1115 1506 sed
1147 1462 1204 1506 de
1240 1462 1286 1505 vi
1318 1462 1415 1505 eius
1445 1462 1664 1506 vocabuli
1694 1462 1771 1518 agi
1802 1476 1894 1517 quo
1926 1476 2021 1506 uno
2052 1462 2111 1505 ad
2133 1463 2393 1507 notandum
2414 1477 2550 1519 quar-

383 1534 486 1576 tum
518 1547 676 1577 casum
709 1533 876 1577 Graeci
907 1534 1176 1577 utebantur.
1210 1557 1258 1563 —
1293 1531 1456 1577 Choer.
1488 1532 1518 1575 l.
1551 1533 1603 1575 l.:
1637 1534 1663 1584 ή
1699 1533 1749 1576 δὲ
1779 1532 2008 1587 αἰτιατικὴ
2042 1535 2147 1577 κατ’
2176 1533 2346 1588 αἰτίαν,
2388 1535 2549 1590 ἐπειδὴ

385 1603 539 1647 αἰτίαν
570 1605 794 1660 ςημαίνει,
828 1604 931 1648 οἷον
963 1605 1036 1648 διὰ
1065 1605 1153 1648 τὸν
1186 1603 1488 1658 Ἀρίςταρχον
1520 1604 1746 1658 ἐτιμήθην
1778 1605 1854 1647 καὶ
1885 1605 1958 1647 διὰ
1987 1605 2075 1648 τὸν
2109 1603 2408 1659 Ἀρίςταρχογ
2428 1604 2554 1660 ὑβρί·

385 1678 515 1730 ςθην,
554 1675 638 1718 ubi
679 1674 805 1731 quod
846 1687 902 1718 ex
941 1674 1281 1731 significatione
1322 1674 1576 1717 accusativi
1614 1687 1721 1717 cum
1752 1675 1825 1717 διὰ
1856 1674 2092 1718 coniuncti
2124 1673 2445 1719 demonstrare
2477 1689 2551 1719 co-

383 1745 524 1787 natur
555 1745 791 1788 causalem
824 1745 867 1789 ei
899 1746 1029 1788 casui
1058 1744 1208 1788 inesse
1241 1744 1359 1798 vim,
1405 1744 1454 1787 id
1493 1744 1606 1788 fecit
1643 1744 1760 1788 duce
1792 1744 2044 1800 Apollonio
2075 1743 2276 1800 Dyscolo
2315 1747 2452 1802 (synt.
2486 1751 2550 1802 913

384 1815 442 1859 de
476 1815 581 1859 adv.
616 1821 732 1873 182²3
750 1815 919 1871 Sem).
984 1815 1144 1859 Choer.
1176 1829 1288 1859 vero
1319 1815 1419 1871 ip‘se
1451 1815 1554 1858 fons
1586 1815 1688 1858 erat
1717 1814 1997 1859 scholiastae
2028 1811 2200 1858 codicis
2228 1815 2552 1870 Londinensis,

385 1901 441 1931 ex
473 1901 566 1943 quo
599 1888 821 1943 excerpta
843 1886 1034 1931 Cramer
1066 1886 1215 1929 edidit
1245 1886 1454 1941 mihique
1484 1885 1739 1930 Muellerus
1761 1886 2038 1943 cognomine
2061 1885 2317 1944 Struebing
2335 1887 2452 1931 haec
2472 1900 2550 1931 ex-

383 1958 588 2014 scripsit:
621 1961 648 2013 ὴ
683 1960 733 2003 δὲ
764 1959 994 2012 αἰτιατικὴ
1027 1951 1180 2002 αἰτίαν
1211 1957 1440 2013 ςημαίνει·
1472 1957 1544 2000 διὰ
1575 1958 1663 2000 τὸν
1687 1957 1986 2012 Ἀρίςταρχον
2007 1958 2248 2013 ἐτιμήθην,
2281 1958 2354 2001 διὰ
2374 1959 2463 2002 τὸν
2486 1961 2550 2007 Ἀ.

365 2029 618 2084 ’ὑβρίςθην.
680 2043 737 2072 ex
769 2029 856 2072 hoc
890 2028 968 2072 vel
1006 2027 1148 2071 simili
1186 2027 1361 2072 scholio
1394 2027 1563 2071 deinde
1604 2030 1678 2071 Eg
1715 2027 1991 2071 hauserunt:
2039 2029 2067 2081 ὴ
2109 2029 2160 2072 δὲ
2198 2028 2430 2083 αἰτιατική
2473 2043 2556 2073 κα-

381 2101 425 2141 τ’
446 2099 616 2155 αἰτίαν,
650 2101 766 2143 διότι
789 2099 941 2143 αἰτίαν
965 2101 1113 2154 δηλοῖ,
1137 2099 1240 2142 οἷον
1262 2100 1335 2143 διὰ
1358 2100 1444 2142 τὸν
1467 2130 1610 2145 .....
1631 2099 1851 2153 ὑβρίςθην
1884 2097 1970 2151 (cfr
1991 2097 2133 2142 etiam
2156 2097 2336 2155 Glykys
2357 2099 2415 2143 de
2440 2112 2552 2143 vera

383 2170 504 2224 synt.
536 2170 623 2213 rat.
658 2175 682 2213 7
692 2174 764 2224 24).
827 2184 883 2214 ex
924 2169 1194 2213 erotematis
1235 2169 1438 2224 denique
1471 2170 1582 2213 κατ’
1612 2168 1764 2213 αἰτίαν
1794 2182 1879 2225 pro
1911 2172 2014 2214 κατ’
2043 2170 2305 2225 αἰτιατικὴν
2341 2170 2390 2213 in
2421 2169 2550 2214 dete-

382 2239 555 2283 riorum
601 2240 813 2284 codicum
869 2241 1158 2296 archetypon
1201 2239 1347 2285 fluxit.
1374 2227 1381 2234 ’
1408 2239 1445 2282 Β
1487 2239 1634 2283 codex
1680 2241 1853 2294 autem,
1899 2240 2019 2284 sicut
2049 2240 2256 2296 saepius,
2297 2238 2559 2284 lectionem.

381 2310 582 2366 praebet
611 2324 668 2355 ex
697 2312 943 2355 meliorum
975 2311 1024 2354 et
1054 2310 1339 2354 deteriorum
1363 2310 1576 2355 codicum
1598 2310 1838 2367 scripturis
1859 2310 2067 2355 mixtam.
2093 2336 2143 2341 —
2166 2314 2349 2366 Σ86225
2364 2309 2562 2366 (Steph)-

382 2381 428 2423 in
461 2381 615 2424 UHb:
649 2385 751 2425 κατ’
781 2382 979 2427 αἰτίαςίν
1011 2397 1151 2438 φηςιν
1182 2384 1286 2437 ἤτοι
1318 2381 1490 2434 αἰτίαν,
1522 2383 1718 2437 ἐπείπερ
1749 2381 2022 2436 αἰτούμενοι
2052 2385 2211 2437 λαβεῖν
2249 2395 2296 2425 τι
2333 2383 2362 2436 ἢ
2393 2381 2549 2426 αἰτιώ-

384 2466 514 2505 μενοι
545 2454 725 2508 ταύτην
746 2456 1083 2508 προφερόμεθα
1117 2452 1199 2508 (sic
1231 2453 1274 2506 b,
1307 2454 1671 2508 προςφερόμεθα
1702 2451 1831 2506 UH),
1864 2454 1929 2507 ὡς
1961 2454 2018 2496 ἂν
2051 2454 2220 2498 εἴποις·
2251 2451 2468 2506 αἰτοῦμαί
2500 2465 2549 2496 ce

382 2523 545 2566 δοῦναί
578 2538 654 2577 μοι
686 2524 861 2578 βιβλίον
892 2526 967 2579 (τὸ
998 2526 1086 2579 γὰρ
1118 2525 1165 2568 ςέ
1199 2525 1273 2567 καὶ
1304 2526 1361 2568 τὸ
1394 2523 1569 2577 βιβλίον
1600 2523 1863 2578 αἰτιατικῆς
1885 2523 1967 2567 εἰςι
1990 2524 2253 2578 πτώςεως),
2287 2524 2362 2567 καὶ
2385 2515 2546 2567 πάλιν·

382 2593 600 2647 αἰτιῶμαι
632 2595 944 2650 Ἀρίςταρχον.
997 2608 1116 2650 quae
1138 2595 1285 2638 verba
1305 2594 1370 2638 sic
1393 2593 1690 2637 emendanda
1710 2592 1950 2636 videntur:
1982 2596 2084 2637 κατ’
2103 2594 2258 2638 αἰτίαν
2279 2595 2421 2650 φηςιν
2441 2588 2550 2648 ἤτοι

383 2663 454 2717 (id
474 2667 556 2716 est)
588 2665 773 2720 αἰτηςιν
804 2668 832 2719 ἢ
868 2667 941 2710 καὶ
974 2665 1168 2722 αἰτίαςιν
1200 2668 1299 2709 κτλ.
1361 2665 1489 2709 certo
1521 2665 1705 2708 constat
1733 2664 1781 2707 in
1811 2664 1900 2707 hoc
1930 2664 2104 2708 scholio
2134 2663 2337 2708 inveniri
2370 2666 2411 2721 1)
2442 2678 2547 2709 eam

382 2747 651 2789 perversam
683 2735 939 2791 αἰτιατικῆς
969 2736 1170 2779 nominis
1201 2736 1653 2792 interpretationem,
1685 2749 1826 2791 quam
1857 2734 1950 2779 iam
1988 2734 2153 2790 Varro,
2184 2732 2438 2780 accusativi
2466 2749 2545 2792 ap-

381 2803 650 2859 pellationis
680 2805 874 2850 fortasse
907 2809 1089 2861 auctor,
1133 2806 1191 2850 de
1222 2806 1253 2850 1.
1283 2807 1311 2855 1,
1344 2806 1430 2850 VII
1461 2810 1514 2849 66
1547 2807 1596 2850 et
1625 2811 1678 2849 67
1710 2805 1920 2859 exhibet,
1959 2809 2002 2859 2)
2036 2805 2235 2850 alteram
2266 2805 2409 2851 etiam
2438 2819 2544 2863 per-

382 2875 650 2930 versiorem,
684 2890 779 2932 qua
809 2877 868 2920 ab
891 2877 1042 2921 αἰτεῖν
1064 2877 1208 2921 verbo
1229 2877 1508 2921 vocabulum
1531 2876 1780 2921 derivatur.
1835 2876 1956 2920 hanc
1978 2875 2173 2920 alteram
2194 2876 2544 2933 interpretatio·

382 2958 490 2988 nem
520 2946 569 2988 in
601 2958 636 2991 σ
666 2960 852 3002 quoque
884 2948 994 3003 pos't
1024 2949 1198 2992 lemma
1227 2950 1342 2992 κατ’
1372 2949 1632 3003 αἰτιατικὴν
1663 2948 1887 3003 ςημαςίαν
1916 2948 2101 3001 λέγεται
2121 2946 2410 2992 invenimus-2
2442 2948 2546 2993 οἷον

380 3018 468 3059 τὸν
498 3018 683 3072 Πέτρον
714 3018 832 3062 αἰτῶ
866 3020 893 3073 ἢ
926 3023 1052 3074 Ζητῶ
1084 3020 1162 3063 ἵνα
1193 3020 1342 3063 αὐτὸν
1372 3020 1551 3075 τιμήςω
1584 3020 1612 3072 ἢ
1645 3019 1851 3073 ἀτιμάςω
1893 3020 1921 3072 ἢ
1955 3020 2030 3062 καὶ
2061 3019 2112 3062 ἐν
2143 3020 2239 3075 ὁδῷ
2279 3019 2544 3063 ἀποςτείλω

381 3088 409 3140 ἢ
433 3087 497 3130 εἰς
520 3090 728 3144 μεγάλην
750 3089 883 3134 ἀξίαν
905 3090 1165 3144 ἀναβιβάςω
1190 3090 1275 3145 (cfr
1288 3089 1513 3143 Armen.).
1538 3088 1741 3132 -Prisc
1766 3089 1960 3144 1118522:
1984 3093 2148 3145 quarto
2164 3089 2258 3134 loco
2280 3094 2343 3134 est
2357 3102 2542 3135 accusa·

379 3158 503 3202 tivus
520 3159 612 3202 sive
627 3160 913 3204 causativus:
933 3173 1131 3205 accuso
1151 3161 1424 3206 hominem
1446 3160 1572 3204 etin
1592 3173 1763 3204 causa
1783 3160 2053 3204 hominem
2073 3160 2241 3213 facio.
2276 3173 2389 3221 ergo
2401 3159 2543 3204 etiam

382 3228 438 3271 de
472 3229 699 3285 αἰτιατικῇ
733 3231 878 3275 verba
907 3233 975 3275 ita
1003 3231 1418 3288 interpretabatur,
1451 3230 1583 3286 quasi
1611 3231 1991 3288 technographus
2012 3231 2155 3274 aliam
2176 3230 2542 3287 appellationem

383 3299 605 3343 adiceret.
667 3300 925 3355 (Charisius
948 3302 965 3345 Ι
990 3308 1061 3358 172
1091 3303 1139 3345 in
1162 3302 1233 3346 ed.
1264 3316 1332 3358 pr.
1359 3302 1407 3345 et
1426 3301 1732 3345 Putschiana:
1764 3302 2029 3345 causativus
2059 3301 2141 3357 qui
2170 3304 2210 3344 et
2231 3301 2541 3355 accusativus,

382 3369 463 3412 sed
495 3369 780 3413 Niebuhrius
810 3371 859 3414 in
882 3373 981 3416 cod.
1002 3373 1115 3416 Bob.
1137 3373 1427 3417 incusativus
1457 3373 1539 3428 qui
1567 3376 1607 3415 et
1629 3384 1719 3417 acc.
1742 3372 1951 3429 legebat.
2003 3371 2070 3414 cfr
2092 3370 2343 3414 Diomedes
2363 3371 2382 3413 I
2404 3375 2540 3427 31415)

385 3442 389 3497 Ι
585 3442 613 3493 ἡ
647 3442 696 3484 δὲ
728 3444 922 3497 κλητικὴ
957 3445 1356 3499 προςαγορευτική
1388 3443 1530 3486 etiam
1563 3442 1725 3486 Choer.
1763 3447 1852 3498 11³·
1911 3441 2054 3486 Prisc.
2088 3441 2272 3495 1118612
2311 3442 2544 3486 vocativus

367 3512 518 3556 ctiam
546 3511 851 3556 salutatorius
879 3517 1069 3558 vocatur
1097 3515 1112 3571 ΙΙ
1238 3514 1267 3558 2
1308 3515 1429 3558 αὐτὰ
1470 3527 1546 3557 om
1578 3513 1721 3557 etiam
1751 3516 1824 3558 E
1855 3515 1903 3557 E
1913 3514 1930 3542 b
1965 3515 2048 3567 (Et
2078 3525 2154 3555 om
2183 3512 2337 3555 totum
2366 3511 2541 3568 locum)

382 3610 652 3667 [an'nonns
669 3626 790 3654 Anus
799 3612 878 3668 nn]
914 3611 939 3654 1
958 3613 1201 3670 hajtsayan
1217 3617 1369 3657 autem
1379 3612 1621 3670 (dicitur)
1630 3612 1893 3668 khntrayan
1907 3611 1977 3655 vel
1996 3611 2247 3655 secundum
2260 3610 2541 3656 Graecorum

381 3683 588 3739 linquam
607 3678 864 3741 pasdayun.
924 3684 1091 3728 ultima
1120 3698 1210 3728 vox
1241 3683 1497 3740 respondet
1526 3683 1782 3738 αἰτιατικῆς
1813 3682 2005 3736 nomini,
2037 3696 2146 3726 nam
2168 3679 2295 3741 15an
2324 3680 2448 3725 idem
2471 3683 2542 3725 est

381 3754 507 3810 quod
548 3753 695 3798 αἰτία
754 3753 955 3809 primam
987 3755 1035 3798 et
1066 3755 1262 3798 alteram
1292 3753 1661 3810 appellationem
1683 3753 1928 3798 Armenius
1959 3753 2057 3808 ipse
2090 3751 2301 3797 declarat
2329 3765 2386 3796 ex
2407 3765 2539 3808 grae—

381 3825 445 3868 cis
474 3823 714 3868 vocabulis
751 3824 885 3867 natas
922 3838 1013 3867 non
1055 3839 1166 3879 esse,
1200 3824 1281 3868 sed
1311 3826 1470 3868 tamen
1501 3837 1557 3868 ex
1587 3823 1801 3867 doctrina
1831 3837 2002 3880 graeca
2033 3824 2163 3867 ortae
2194 3823 2323 3866 sunt:
2364 3821 2539 3866 etenim

379 3895 540 3951 hajtsel
571 3895 619 3939 et
654 3895 834 3939 khntrel
880 3894 1145 3951 significant
1183 3898 1434 3951 utrumque
1473 3894 1620 3938 αἰτεῖν
1658 3893 1733 3938 vel
1763 3897 1934 3949 ζητεῖν.
2015 3906 2128 3951 ergo
2167 3892 2384 3937 videntur
2420 3890 2538 3936 haec

380 3968 570 4010 nomina
599 3981 658 4011 ex
686 3967 771 4010 tali
801 3965 1129 4022 explanatione
1154 3966 1361 4023 Dionysii
1391 3965 1561 4010 hausta
1582 3977 1696 4019 esse,
1728 3964 1916 4020 qualern
1937 3963 2135 4021 legimus
2164 3962 2215 4006 in
2244 3966 2295 4007 Σ
2312 3966 2432 4018 862,,5
2461 3961 2539 4006 vel

379 4035 428 4078 in
460 4048 494 4082 σ
515 4039 531 4093 ΙΙ
607 4036 636 4080 2
666 4039 741 4081 καὶ
772 4038 893 4082 αὐτὰ
925 4036 1156 4094 expressit
