2814 4400
403 296 597 341 LXVIII
1160 299 1378 342 MERXII
1407 298 1773 344 DISPVTATIO

392 426 469 478 lui
495 430 567 478 est
579 443 790 493 propre,
827 426 943 478 e’est
968 443 1073 492 par
1100 427 1154 480 la
1177 429 1415 494 prosodie
1441 428 1596 495 qu’on
1628 429 1866 496 apprend
1890 429 1925 480 ἀ
1952 428 2004 480 Za
2031 429 2278 494 moduler,
2317 430 2434 483 e’est
2449 448 2558 500 par

388 511 443 563 la
461 512 688 562 division
707 511 1093 577 (ponetuation)
1110 511 1267 578 qu'on
1283 512 1390 578 fait
1413 517 1683 567 cormaitre
1703 513 1756 567 la
1776 514 1967 566 liaz'son
1987 513 2073 565 des
2098 514 2234 566 ide'es
2255 518 2396 567 entre
2422 515 2552 568 elle-3.

533 594 618 647 La
667 595 853 647 lecture
900 612 1033 648 nous
1080 598 1319 664 apprend
1367 599 1514 650 aussi
1561 615 1657 665 que
1702 598 1757 650 la
1803 598 2034 665 traye'die
2079 598 2189 650 doit
2235 601 2337 652 etre
2378 601 2558 653 re'cite'e

390 680 773 745 he'roc'quement
811 679 843 748 (
837 698 958 733 avec
993 681 1244 751 noblesse)
1256 702 1274 746 ,·
1313 682 1366 735 la
1404 683 1625 735 eome'die
1660 682 2038 750 vulyairement
2075 682 2107 749 (
2101 699 2291 736 comme
2317 701 2384 737 on
2400 685 2556 752 parle

388 765 524 816 daras
562 765 615 816 la
652 767 1068 836 conversation);
1106 766 1296 832 Z’e'le'qie
1332 783 1399 818 ou
1437 767 1688 820 Z'oraison
1719 767 1938 834 funebre
1974 783 2096 819 aveo
2131 785 2208 819 un
2244 772 2419 822 aecent
2456 770 2556 821 &res
2598 781 2620 814 5

386 850 613 916 marque'
665 851 751 918 (de
796 851 1014 904 douleur
1060 868 1128 904 ou
1173 852 1234 904 de
1279 853 1500 920 reyret);
1555 852 1781 920 Z'hymne
1828 869 1949 906 avec
1994 851 2282 919 l'infleoeion
2328 854 2390 906 de
2437 855 2559 906 voix

384 951 578 1002 propre
625 952 736 988 aux
783 937 1031 1003 differens
1077 940 1222 1001 tons;
1269 937 1338 989 les
1383 938 1745 1003 compositions
1793 938 2019 1004 lyriques
2055 937 2559 991 harmonieusement

387 1020 447 1087 (ἀ
496 1021 550 1073 Za
597 1023 829 1074 mamere
866 1023 937 1074 du
974 1022 1186 1091 chant);
1235 1021 1377 1074 celles
1414 1023 1506 1087 qui
1543 1024 1832 1089 expriment
1869 1022 1938 1074 les
1975 1022 2245 1089 affections
2281 1024 2354 1075 du
2390 1040 2556 1091 eoeur,

388 1106 705 1159 tendrement
741 1124 861 1160 avec
899 1107 1160 1170 abandon,
1201 1105 1346 1174 (avec
1382 1107 1720 1176 εθηέίφηθηθε
1745 1108 2033 1174 quieorcque
2065 1107 2437 1161 n’observerait
2452 1099 2558 1176 pas

389 1207 467 1243 ees
512 1195 673 1244 sortes
710 1192 770 1244 de
808 1192 1130 1258 differeneeS,
1182 1192 1545 1244 de'naturerait
1580 1192 1624 1244 le
1662 1196 1751 1244 ton
1777 1209 1975 1260 propre
2011 1193 2047 1244 ἀ
2085 1193 2282 1258 chaque
2315 1209 2472 1259 yenre
2508 1196 2557 1245 et
2578 1207 2620 1238 10

385 1278 628 1329 rendrait
672 1277 892 1329 ridicule
940 1277 1150 1330 l'aetion
1195 1277 1415 1344 speciale
1461 1293 1557 1343 que
1603 1277 1711 1329 doit
1747 1278 2027 1344 produire,
2076 1278 2112 1330 ἀ
2159 1277 2365 1330 Z'oreille
2401 1281 2449 1330 et
2483 1295 2557 1330 aa

391 1379 567 1427 eoeur,
607 1362 803 1428 chaque
840 1362 971 1429 objet
1008 1362 1068 1414 de
1106 1362 1305 1414 lecture.
2025 1424 2027 1426 η

530 1446 675 1508 Quae
712 1447 802 1515 qui
840 1445 1128 1498 contulerit
1166 1463 1285 1497 cum
1322 1435 1558 1497 textibus
1597 1463 1757 1514 supra
1791 1447 2078 1516 propositis
2125 1447 2402 1517 intelleget
2440 1446 2553 1501 Gir-

393 1532 605 1583 biedum
644 1532 954 1600 interpretis
991 1548 1211 1582 munere
1248 1530 1474 1599 pessime
1513 1548 1627 1583 esse
1663 1531 1929 1599 functum,
1971 1532 2135 1584 immo
2173 1550 2391 1600 prorsus
2429 1533 2555 1602 quid

386 1617 487 1669 sibi
526 1616 842 1672 faciendum,
866 1619 1007 1668 esset
1042 1617 1351 1685 ignorasse,
1402 1616 1540 1684 quod
1580 1634 1695 1668 eam
1735 1616 1803 1669 ob
1841 1633 2057 1669 causam
2092 1616 2375 1669 dicendum
2407 1621 2619 1686 put0,⁴15

391 1720 459 1754 ne
506 1703 621 1771 quis
670 1701 903 1755 Girbiedi
950 1700 1379 1769 interpretationi
1421 1700 1653 1753 confisus
1704 1701 1769 1754 de
1815 1704 1994 1754 textus
2041 1702 2329 1754 armeniaci
2375 1702 2555 1756 indole

384 1788 618 1840 iudicare
667 1790 902 1839 conetur.
978 1785 1173 1839 Nullus
1223 1787 1368 1839 enim
1416 1787 1876 1855 interpretationis
1923 1787 2256 1840 armeniacae
2304 1791 2387 1840 est
2427 1806 2555 1841 usus

381 1873 484 1925 nisi
526 1891 646 1925 cum
679 1873 969 1941 archetypo
1007 1890 1198 1941 graeco
1237 1871 1647 1942 diligentissime
1696 1872 1995 1940 confertur,
2045 1873 2185 1942 quod
2236 1872 2326 1925 ubi
2364 1872 2553 1926 feceris

383 1958 521 2011 haud
562 1958 918 2028 spernendum
958 1957 1343 2011 adminiculum
1382 1957 1459 2010 rei
1498 1957 1715 2010 criticae
1754 1958 2076 2011 exercendae
2113 1958 2347 2012 habebis.

1384 2175 1387 2178 ‚
1407 2113 1500 2166 =1V
2571 2132 2617 2166 so*
2676 2099 2679 2103 ’

531 2215 636 2268 Sed
665 2234 779 2268 cum
809 2215 1079 2283 hucusque
1099 2214 1157 2266 'id
1185 2215 1470 2283 praecipue
1498 2214 1779 2283 egerimuS,
1818 2217 1879 2266 ut
1905 2214 2212 2266 doceremus
2237 2215 2552 2268 Armenium

383 2301 845 2354 accuratissimum
883 2318 996 2352 esse
1024 2300 1215 2352 Graeci
1251 2300 1593 2367 imitatorem,
1632 2300 1707 2351 ita
1746 2302 1807 2351 ut
1843 2299 1907 2351 ad
1946 2299 2336 2352 diiudicandam
2368 2299 2551 2353 lectio-‘-

381 2406 510 2439 num
559 2387 869 2439 varietatem
912 2404 1117 2438 summa
1155 2387 1226 2437 sit
1263 2384 1586 2459 auctoritate
1599 2427 1610 2449 ,
1661 2386 1767 2436 iam
1802 2387 2050 2437 nostrum
2087 2388 2169 2437 est
2203 2385 2338 2438 fines
2377 2381 2552 2439 certos

379 2492 486 2542 pon
493 2491 579 2525 ere
593 2514 604 2534 ,
669 2472 859 2540 quibus
915 2489 1042 2523 usus
1098 2471 1210 2522 eius
1266 2470 1479 2522 criticus
1531 2471 1830 2522 necessario
1889 2470 2398 2524 circumscribendus
2456 2473 2550 2526 est.
2597 2498 2602 2506 ¹

379 2558 568 2627 Itaque
618 2557 722 2610 hoc
770 2558 979 2609 demum
1027 2557 1142 2608 loco
1191 2554 1415 2608 lectores
1464 2555 1531 2607 ad
1578 2555 1631 2607 id
1681 2556 1917 2607 animum
1966 2554 2253 2608 adtendere
2291 2555 2549 2626 iubemuS,
2572 2573 2615 2607 85

385 2643 763 2695 Armenium
810 2659 1114 2711 graecum
1162 2644 1417 2693 textum
1467 2658 1604 2693 cum
1652 2641 2028 2694 armeniace
2065 2640 2385 2694 redderet
2420 2659 2548 2695 non

381 2728 878 2799 grammaticam
945 2743 1223 2797 graecae
1288 2744 1507 2778 verum
1565 2725 1984 2780 armeniacae
2045 2725 2319 2796 linguae
2377 2745 2549 2780 com-

378 2834 413 2884 p
426 2833 457 2867 o
473 2834 497 2867 s
509 2815 572 2868 ui
588 2833 612 2867 s
625 2833 649 2866 s
664 2832 710 2866 e.
775 2812 928 2874 Quod
963 2830 1083 2864 cum
1121 2811 1222 2864 sibi
1261 2814 1610 2880 proponeret,
1658 2812 1883 2863 servatis
1919 2810 2104 2864 ordine
2117 2853 2130 2878 ,
2181 2811 2545 2881 dispositione,

378 2900 783 2953 definitionibus
814 2899 995 2951 omnia
1023 2897 1266 2966 mutavit,
1297 2914 1432 2966 quae
1460 2895 1526 2948 ad
1545 2896 1948 2967 grammaticam
1974 2896 2189 2966 linguae
2215 2899 2545 2952 armeniacae

378 2986 480 3054 ipsi
518 3003 626 3037 non
665 2983 924 3053 quadrare
963 2983 1291 3047 videbantur,
1331 2982 1422 3035 ubi
1459 3000 1583 3036 vero
1622 3001 1653 3035 a
1679 2981 1882 3036 Graeco
1909 2981 2151 3051 exempla
2175 3001 2369 3052 graeca
2395 3002 2542 3039 usur÷
2565 2998 2609 3031 so
2682 2971 2686 2976 ’
2733 3008 2742 3023 ι

379 3075 506 3139 pata
531 3074 658 3123 sunt
684 3071 741 3122 in
771 3087 955 3122 eorum
984 3069 1163 3122 locum
1193 3069 1494 3121 armeniaca
1522 3068 1747 3121 suffecit.
1803 3067 1943 3120 Eum
1967 3067 2198 3136 quidem,
2229 3069 2320 3138 qui
2344 3069 2547 3138 primus

385 3156 791 3225 grammaticam
841 3155 1055 3223 linguae
1101 3154 1436 3206 armeniacae
1474 3154 1885 3223 descriptionem
1923 3154 2237 3222 tentaverit,
2285 3171 2394 3207 rem
2432 3172 2549 3208 non

386 3241 698 3309 absolvisse,
747 3243 800 3291 et
844 3241 1125 3292 verborum
1171 3240 1433 3309 imprimis
1481 3257 1544 3292 ac
1580 3239 2242 3308 pronominum-naturam
2278 3257 2390 3292 non
2428 3257 2544 3309 per·

379 3327 615 3394 spexisse
673 3343 829 3377 nemo
885 3343 1014 3377 sane
1061 3326 1368 3389 mirabitur,
1427 3326 1515 3395 qui
1563 3325 1724 3377 etiam
1771 3325 2163 3378 recentissimas
2211 3324 2544 3377 armeniacae

380 3411 596 3480 linguae
635 3411 1015 3480 grammaticas
1061 3411 1300 3463 nondum
1348 3411 1412 3463 ad
1452 3412 1689 3464 saniores
1737 3410 2202 3463 describendarum
2237 3409 2544 3480 linguarum
2566 3423 2608 3455 ἐπι

379 3497 522 3566 leges
561 3500 836 3549 revocatas
877 3514 990 3548 esse
1030 3497 1356 3565 experientia
1394 3497 1611 3549 edoctus
1649 3499 1743 3548 est.
1807 3493 1906 3557 Qui
1946 3496 2112 3565 igitur
2136 3512 2311 3548 secum
2339 3499 2544 3565 reputa·

378 3582 539 3650 verit,
588 3581 804 3651 quantis
853 3581 1260 3634 difficultatibus
1308 3582 1641 3651 opprimatur
1677 3581 1795 3650 ille,
1833 3582 1923 3650 qui
1962 3599 2088 3633 suae
2124 3580 2292 3649 ipsius
2331 3581 2545 3652 linguae

380 3666 786 3737 grammaticam
817 3666 1044 3719 condere
1073 3671 1313 3735 conatur,
1353 3668 1500 3720 cuius
1526 3667 1603 3719 rei
1629 3666 1872 3734 exempla
1897 3684 1960 3718 ex
1986 3665 2210 3718 historia
2235 3665 2544 3736 grammati-

382 3771 562 3804 carum
589 3752 805 3822 linguae
831 3749 1138 3817 theotiscae,
1167 3752 1460 3821 hebraicae,
1488 3753 1723 3820 syriacae
1750 3769 1781 3803 a
1807 3751 2115 3815 GermaniS,
2144 3750 2369 3819 Iudaei8‚
2396 3749 2540 3820 Syris

376 3838 795 3907 conscriptarum
835 3837 963 3888 satis
1001 3837 1168 3889 multa
1206 3838 1260 3890 in
1297 3842 1552 3907 promptu
1590 3842 1728 3902 sunt,
1775 3836 1913 3889 haud
1941 3836 2158 3889 sinistre
2184 3834 2427 3888 Armenii
2451 3849 2604 3888 ex-40

374 3924 536 3990 cipiet
572 3926 865 3992 tentamen,
904 3924 1144 3991 quamvis
1181 3923 1237 3975 in
1277 3942 1381 3992 quo
1421 3924 1511 3976 ille
1549 3924 1806 3976 erraverit
1842 3922 1976 3975 bene
2014 3921 2290 3991 cognitum
2324 3919 2537 3974 habeat.

377 4008 457 4059 Ad
498 4008 831 4076 impetranda
868 4025 992 4060 vero
1032 4008 1356 4061 adminicula
1383 4010 1580 4075 critica,
1620 4010 1835 4077 propter
1872 4024 2006 4076 quae
2045 4024 2143 4060 nos
2179 4006 2280 4058 hoc
2317 4003 2434 4058 loco
2472 4003 2538 4059 de

374 4094 629 4146 Armenio
668 4094 890 4164 agimus,
931 4093 1013 4146 vel
1052 4093 1154 4162 ipsi
1193 4094 1302 4147 eius
1341 4113 1543 4148 errores
1569 4093 1711 4146 haud
1738 4093 1868 4145 levis
1896 4096 2024 4171 sunt
2054 4090 2331 4145 momenti.
2394 4088 2537 4143 Nam
2599 4091 2602 4095 ’
