2808 4394
1143 256 1229 300 DE
1258 255 1636 300 PRosoons
2163 248 2166 251 ’
2371 257 2471 308 113

142 399 286 439 new»
310 385 455 450 οὐχ’
492 383 728 449 οὕτως,
769 384 865 437 «οἱ
903 384 1160 450 ἀςεβεῑς
1199 384 1344 450 οὐχ’
1381 385 1627 438 οὕτως»
1667 383 2045 453 <Psa1m.14>.
2111 385 2341 450 ἥρμοζεν
2368 385 2471 448 γὰρ

311 471 462 536 οὐχὶ
499 469 731 535 οὕτως,
773 470 869 524 «οἱ
906 470 1164 535 ἀςεβεῑς
1203 469 1351 534 οὐχὶ
1388 469 1649 522 οὕτως».
1708 468 1846 522 ἀλλὰ
1873 471 1958 522 διὰ
1983 472 2078 534 τὴν
2105 469 2470 537 καλλιφωνίαν

310 555 595 621 ἐκουφίςθη
634 556 698 609 τὸ
722 559 765 625 i,
803 556 887 610 καὶ
925 555 1050 609 ἀντ’
1075 554 1243 607 αὐτοῦ
1283 555 1519 618 εἰςῆλθεν
1558 554 1769 608 ἄνωθεν
1806 556 1838 618 ἡ
1878 555 2240 622 ἀπόςτροφος.
2299 555 2472 608 οὕτως

309 641 396 693 καὶ
430 641 497 693 τὰ
535 639 712 707 ὅμοια.
1294 700 1302 709 ‚

246 737 288 769 20
451 724 511 778 Ἡ
551 727 610 779 δὲ
648 726 788 793 ὑφὲν
834 726 1052 794 τίθεται,
1101 725 1186 778 ὅτ’
1224 725 1290 778 ἂν
1332 725 1431 777 δύο
1470 725 1633 780 λέξεις
1671 726 1729 778 ἐν
1768 730 1844 794 τῷ
1884 726 1990 791 ἅμα
2027 725 2284 792 ὀφείλωςι
2324 727 2470 788 λέγε-
2500 723 2530 771 5

315 977 691 1035 [Discm-:PANTM
737 994 1016 1030 scmp'rvmn
1058 994 1105 1022 ΙΝ
1147 977 1440 1033 LGBOHb]
1528 977 1658 1025 1—2
1700 981 1903 1033 ἥρμοζεν
1934 1005 1988 1010 -
2019 980 2192 1033 ἀςεβεῑς
2232 993 2308 1023 om
2339 981 2375 1024 B
2463 982 2475 1037 ‘ff

310 1049 337 1093 1
367 1051 571 1106 ἥρμοζεν
600 1050 677 1094 L¹:
708 1065 736 1094 ν
764 1049 951 1093 induxit
979 1049 1049 1103 L2,
1083 1061 1160 1092 om
1192 1048 1372 1092 GOHb
1407 1050 1426 1105 ΙΙ
1551 1048 1580 1092 2
1613 1049 1656 1093 οί
1687 1049 1862 1103 ἀςεβεῖς
1894 1050 1997 1104 οὐχὶ
2028 1051 2184 1095 οὕτως
2216 1064 2290 1094 om
2322 1051 2404 1095 Hb
2461 1052 2476 1109 {l

310 1120 341 1164 3
370 1123 407 1178 ι’]
442 1122 563 1166 ἰῶτα
594 1120 632 1165 Ο
659 1123 667 1177 Ι
778 1121 963 1165 ἄνωθεν
994 1133 1070 1164 om
1101 1119 1183 1163 Hb
1219 1121 1224 1172 Ι
1336 1121 1466 1163 οὕτω
1500 1119 1629 1164 OHb
1652 1121 1667 1176 ΙΙ
1790 1121 1819 1165 5
1851 1121 1972 1176 ὑφὲν
2002 1120 2237 1164 LB?Hb=
2270 1123 2391 1177 ὑφὲν
2422 1122 2475 1174 G,

310 1194 394 1249 ὑφ’
424 1194 476 1238 ἓν
508 1193 544 1237 O
571 1193 577 1249 Ι
688 1192 917 1249 λέγεςθαι]
949 1192 1161 1246 γενέςθαι
1191 1190 1231 1235 G

313 1434 702 1492 [D1sounPAn'r1An
722 1448 779 1476 nr
793 1446 1058 1476 'rus'rmom
1073 1446 1356 1476 scnomonvu
1372 1434 1438 1488 (Σ
1448 1434 1545 1487 σλ)
1557 1447 1858 1477 ΕΒοίῈΜΑΤνΜ
1870 1434 1951 1489 (Ε)
1975 1448 2174 1478 Amossvm
2190 1436 2476 1492 scmp'ronvm]

311 1507 428 1550 ὅταν
458 1506 547 1549 διὰ·
561 1506 652 1559 τὴν
683 1503 1010 1559 καλλιφωνίαν
1041 1504 1318 1559 κουφίζηται
1349 1505 1406 1548 τὸ
1438 1503 1490 1547 ἓν
1520 1508 1718 1559 φωνῆεν
1747 1504 1948 1559 γράμμα,
1982 1505 2187 1560 ὁπηνίκα
2207 1506 2294 1550 δύο
2316 1508 2479 1562 φωνή-

314 1577 428 1621 εντά
466 1576 577 1620 εἰςιν
615 1576 666 1619 ἐν
705 1576 773 1619 ἑνὶ
811 1575 940 1632 λόγῳ
988 1574 1070 1628 (sic
1100 1564 1311 1628 UHOV,
1360 1580 1439 1632 μιᾷ
1484 1576 1602 1619 λέξει
1630 1574 1661 1617 1ο
1701 1589 1757 1618 ex
1796 1575 2019 1618 Parisinis
2056 1580 2168 1620 2545
2200 1578 2248 1620 et
2278 1581 2388 1621 2603
2428 1578 2482 1620 ut

311 1645 532 1702 videtur),
564 1646 670 1691 οἷον
699 1647 801 1701 οὐχ’
831 1647 985 1690 οὕτως
1017 1645 1061 1690 οἱ
1092 1646 1303 1699 ἀςεβεῑς>>
1334 1645 1444 1700 (OV
1466 1646 1568 1700 οὐχ’
1589 1647 1745 1690 οὕτως
1777 1645 1920 1689 etiam
1950 1647 2058 1701 post
2077 1647 2253 1700 ἀςεβεῖς
2282 1648 2479 1704 habent)

313 1719 390 1761 καὶ
427 1718 487 1761 τὰ
532 1718 636 1772 ἑξῆς
667 1717 759 1761 ἕως
803 1720 889 1761 τοῦ
921 1717 1032 1760 «καὶ
1063 1716 1169 1760 ἀντ’
1199 1717 1346 1760 αὐτοῦ
1379 1716 1593 1770 εἰςῆλθεν
1623 1716 1809 1760 ἄνωθεν
1839 1718 1868 1771 ἡ
1901 1717 2237 1772 ἀπόςτροφος»
2277 1719 2482 1774 (καὶ“ἀν-

311 1789 357 1830 τ’
386 1788 535 1831 αὐτοῦ
566 1800 643 1831 om
672 1786 738 1837 b),
799 1786 923 1830 unde
965 1786 1046 1843 qui
1083 1785 1292 1842 conligat
1320 1787 1368 1829 in
1408 1786 1736 1843 supplemento
1770 1787 1883 1830 olim
1913 1801 2006 1831 non
2036 1787 2179 1832 fuisse
2209 1802 2482 1844 perversum

315 1858 367 1902 ἑν
389 1862 467 1914 μιᾷ
491 1858 628 1911 λέξει,
660 1857 699 1900 is
729 1856 1018 1901 refutabitur
1047 1856 1113 1901 eis
1146 1870 1267 1913 quae
1299 1856 1347 1900 in
1370 1856 1537 1901 eodem
1559 1857 1894 1902 commentario
1924 1858 2148 1915 leguntur
2177 1864 2299 1914 6976:
2332 1859 2484 1903 ἰςτέον

313 1930 364 1973 δὲ
402 1930 475 1974 ὅτι
513 1930 570 1973 ού
609 1930 767 1974 καλῶς
797 1928 906 1972 οὐδ’
943 1929 1091 1980 ὑγιῶς
1129 1929 1222 1983 ἔχει
1261 1929 1322 1972 τὰ
1360 1929 1468 1983 περὶ
1504 1929 1591 1981 τὴς
1630 1928 1891 1983 ἑκθλίψεως
1930 1929 2135 1974 ἐνταῦθα
2173 1935 2243 1984 τῷ
2283 1935 2483 1986 τεχνικῷ

315 2001 536 2056 ῥηθέντα.
582 1998 764 2054 ὀφείλει
792 1999 882 2054 γὰρ
912 1999 1077 2053 εἰπεῖν,
1108 1999 1312 2055 ὁπηνίκα
1342 2000 1426 2043 δύο
1456 2002 1603 2043 τινῶν
1634 2000 1809 2045 λέξεων
1839 2000 1868 2054 ἡ
1904 2000 1989 2054 μὲν
2021 2000 2154 2055 λήγει
2185 2001 2250 2046 εἰς
2271 2005 2484 2056 φωνῆεν,

317 2072 347 2125 ἡ
380 2071 430 2115 δὲ
459 2071 652 2126 ἄρχεται
682 2071 777 2114 ἀπὸ
809 2070 1112 2125 φωνήεντος·
1156 2071 1181 2114 ὁ
1213 2071 1263 2114 δέ
1290 2071 1551 2126 «ὁπηνίκα,
1593 2071 1728 2127 φηςί,
1769 2071 1854 2115 δύο
1894 2072 2151 2126 φωνήεντά
2182 2072 2294 2115 εἰςιν
2325 2073 2376 2116 ὲν
2408 2077 2485 2128 μιᾷ

315 2143 487 2190 λέξει».
548 2142 605 2185 ού
645 2142 733 2196 γάρ
765 2142 871 2185 ἑςτι*
892 2140 970 2194 μία
1001 2141 1119 2185 λέξις
1150 2142 1268 2186 ἀλλὰ
1298 2142 1383 2185 δύο
1413 2141 1471 2185 τὸ
1503 2142 1628 2196 οὐχ’
1665 2142 1864 2186 οὕτως.
1926 2142 2070 2197 atque
2110 2141 2354 2185 confirmat
2391 2144 2483 2186 tra-

316 2212 465 2256 ditam
505 2204 745 2255 codicibus
783 2211 1036 2254 lectionem
1077 2211 1221 2255 etiam
1261 2215 1312 2256 Σ
1339 2216 1456 2268 71713
1492 2211 1702 2268 (Anon.):
1748 2213 1864 2257 ὅταν
1908 2213 1982 2257 διὰ
2025 2215 2115 2269 τὴν
2160 2212 2485 2267 καλλιφωνίαν

315 2284 594 2340 κουφίζηται
632 2283 730 2326 δύο
762 2282 1130 2338 φωνηέντων
1176 2283 1591 2337 ςυμπεςὸντων
1639 2284 1895 2340 ςυνθέτῳ
1928 2284 2078 2329 λέξει
2115 2284 2172 2328 τὸ
2204 2283 2255 2327 ἓν
2286 2287 2485 2339 φωνῆεν

317 2356 331 2411 Η
669 2351 774 2407 112,
798 2352 829 2397 6
863 2352 1069 2408 ὁπηνίκα
1096 2352 1437 2409 interpretatur
1468 2354 1608 2398 ὁπότ’
1638 2354 1697 2397 ἄν
1727 2356 1763 2398 λ
1798 2355 1814 2410 ΙΙ
2175 2354 2202 2399 1
2233 2355 2278 2398 οἱ
2308 2355 2484 2409 ἀςεβεῖς

258 2447 265 2448 ff
320 2426 425 2480 οὐχ’
443 2424 618 2480 οὕτως]
650 2423 920 2479 exemplum
952 2436 1010 2466 ex
1039 2422 1234 2479 psalmis
1263 2423 1467 2480 petitum
1496 2424 1732 2469 testantur
1753 2425 1897 2469 etiam
1916 2424 2204 2480 Porphyrius
2225 2429 2345 2481 69517
2367 2429 2486 2480 684,2

318 2497 368 2540 et
397 2494 672 2540 Schellersh.
708 2493 832 2549 (vide
862 2493 1002 2549 infra)
1042 2495 1091 2537 et
1127 2493 1335 2538 scholion
1367 2494 1426 2538 ad
1466 2493 1664 2539 Tzetzae
1698 2495 1813 2540 Chil.
1843 2495 1931 2540 AO
1962 2495 2029 2539 III
2057 2510 2088 2552 p
2120 2500 2240 2551 35627
2278 2497 2365 2550 οὐχ
2397 2496 2481 2552 ὡς]

319 2568 419 2612 Οὐκ
456 2567 550 2611 ἔςτι
585 2566 663 2610 καὶ
694 2565 805 2619 οὐχ’
842 2567 907 2610 ὥς
946 2566 1022 2608 καὶ
1060 2565 1171 2619 οὐχ’
1200 2566 1354 2610 οὕτως
1405 2569 1516 2620 (non
1545 2566 1649 2611 licet
1686 2567 1880 2611 scribere
1916 2580 1999 2612 nec
2035 2568 2146 2621 οὐχ’
2177 2568 2241 2611 ὥς
2279 2580 2361 2610 ‘nec
2405 2567 2483 2609 ού-

316 2639 361 2694 χ’
410 2638 609 2692 οὕτως)·
638 2636 947 2691 ἀπόςτροφον
993 2637 1049 2680 οὐ
1102 2637 1171 2680 δεῖ
1219 2636 1444 2692 γράφειν·
1491 2638 1625 2694 χάριν
1664 2638 1754 2692 γὰρ
1799 2638 2039 2692 εὐφωνίας
2085 2641 2312 2692 περιςςῶς
2344 2637 2483 2692 ἐτέθη

315 2709 373 2754 τό
417 2723 472 2753 τε
515 2712 546 2752 ξ
589 2709 665 2752 καὶ
708 2707 767 2751 τὸ
797 2712 848 2763 i,
888 2708 964 2751 καὶ
1003 2707 1109 2752 ἀντί
1147 2721 1275 2752 τινος
1314 2697 1523 2752 πεςεῖται
1568 2708 1596 2761 ἡ
1647 2708 1970 2764 ἀπόςτροφος,
2011 2709 2099 2752 κᾶν
2143 2722 2215 2753 τις
2261 2709 2486 2762 βούβαλος

317 2781 368 2824 ἑν
397 2784 458 2836 τῇ
489 2778 737 2824 Διονυςίου
767 2782 1060 2834 γραμματικῇ
1094 2779 1351 2834 προςέθετο
1382 2781 1629 2833 φλυαρῶς,
1674 2780 1740 2824 ὡς
1770 2780 1827 2823 τὸ
1858 2780 1995 2834 «οὐχ’
2026 2780 2203 2832 οὕτως,
2237 2778 2280 2823 οἱ
2311 2779 2486 2832 ἀςεβεῖς

318 2851 422 2905 οὐχ’
451 2850 664 2904 οὕτως»,
707 2850 792 2894 ὅςα
820 2863 874 2894 τε
905 2852 1052 2905 ληρεῖ.
1115 2859 1151 2893 o·
1178 2848 1296 2892 haec
1327 2849 1545 2905 exempla
1574 2849 1739 2893 habet:
1781 2850 1854 2904 ἆρ’
1885 2850 2061 2904 οὕτως,
2093 2850 2196 2893 ἀλλ’
2227 2849 2338 2902 ὲμός
2357 2884 2367 2903 ,
2406 2849 2484 2891 ἀλ-

318 2923 362 2966 λ’
390 2922 516 2975 ἴδον,
549 2920 651 2964 οὔτ’
681 2920 783 2964 ἴδον
807 2920 910 2963 οὔτ’
938 2921 1128 2974 ἤκουςα.
1166 2922 1261 2964 Eg:
1281 2918 1356 2974 ἆρ’
1385 2920 1556 2974 οὕτως,
1589 2921 1690 2964 οὐδ’
1722 2921 1872 2976 εἶδον,
1905 2922 2033 2976 δεῦρ’
2060 2920 2138 2975 ἴθι,
2173 2920 2248 2963 ἐπ’
2278 2920 2373 2973 ἐμέ,
2407 2919 2483 2963 Eb

318 2991 368 3034 in
399 2991 465 3035 eis
487 3003 609 3046 quae
637 2990 984 3046 respondentur
1014 2990 1076 3034 ad
1104 2989 1527 3048 interrogationem
1555 2991 1601 3035 τί
1623 2992 1746 3035 ἐςτιν
1768 2993 2095 3046 ἀπόςτροφος;
2128 2990 2358 3046 usurpant
2378 2993 2485 3032 τοῦ·

319 3062 363 3106 τ’
383 3063 478 3106 ἑςτὶ
509 3061 592 3109 (sic
608 3059 715 3106 Bas,
736 3060 759 3103 I
779 3060 824 3103 II
854 3061 903 3105 et
932 3061 1131 3117 utraque
1164 3059 1328 3116 editio)
1362 3062 1410 3105 et
1440 3063 1632 3117 βούλομ’
1661 3064 1753 3116 ἐγώ
1785 3062 1859 3119 <Α
1879 3063 2007 3118 117),
2041 3060 2209 3105 deinde
2242 3061 2315 3115 ἆρ’
2346 3060 2487 3103 οὗτος

322 3131 405 3183 (sic
435 3131 556 3176 codd
587 3131 636 3175 et
666 3130 806 3188 edd),
852 3133 986 3176 τοῦτ’
1015 3132 1152 3186 έμόν,
1184 3133 1261 3186 ἐφ’
1291 3132 1429 3186 ἡμῖν,
1462 3133 1570 3188 φέρ’
1600 3134 1717 3177 εἰπέ.
1778 3131 2249 3177 Schellersheimiana
2280 3131 2344 3174 ὣς
2377 3132 2487 3184 ἔφα-

319 3204 364 3246 τ’
394 3203 650 3257 εὐχόμενος
680 3202 758 3259 <Α
787 3201 889 3259 43>,
923 3203 1119 3257 βούλομ’
1148 3203 1242 3256 ἐγὼ
1274 3203 1393 3246 λαὸν
1424 3204 1534 3248 ςόον
1564 3205 1768 3258 ἔμμεναι,
1800 3205 1873 3258 ἆρ’
1903 3204 2060 3257 οὗτος,
2094 3203 2204 3245 οὔτ’
2235 3202 2376 3255 εἶδον,
2410 3202 2486 3244 ού-

321 3275 364 3328 χ’
394 3274 566 3328 οὕτως,
598 3274 703 3318 ἄλλ’
734 3274 864 3328 ἐμόν.
923 3273 1129 3317 ceterum
1149 3273 1245 3316 iam
1265 3274 1373 3317 ante
1395 3272 1716 3317 Herodianum
1745 3274 1887 3318 fuisse
1919 3274 2000 3330 qui
2029 3274 2132 3327 οὐχ’
2163 3272 2272 3316 ante
2304 3271 2487 3315 vocales

322 3344 582 3388 scriberent
617 3343 807 3388 videtur
851 3343 1181 3400 conligendum
1228 3357 1326 3387 esse
1371 3357 1427 3387 ex
1468 3349 1518 3389 Σ
1546 3350 1664 3399 9471ο
1695 3344 1850 3401 (Mel):
1898 3346 2052 3390 ἰςτέον
2092 3344 2142 3387 δὲ
2178 3345 2250 3387 ὅτι
2287 3343 2345 3386 τὸ
2384 3343 2487 3396 οὐχί

324 3414 567 3459 ἑπέκταςίς
599 3414 694 3458 ἑςτι
723 3419 808 3470 τῆς
840 3416 896 3458 οὔ
930 3447 1139 3468 .......
1175 3415 1390 3460 ὀξύνεται
1422 3416 1470 3458 δὲ
1500 3417 1576 3458 καὶ
1608 3417 1840 3460 οὐδέποτε
1872 3416 2115 3470 ἀποβολὴν
2145 3417 2230 3457 τοῦ
2262 3414 2280 3457 ἰ
2309 3414 2486 3467 πάςχει,

324 3487 389 3530 ὥς
420 3498 559 3540 φηςιν
590 3485 891 3540 Ἡρωδιανὸς.
949 3487 1024 3530 διὸ
1055 3486 1112 3528 τὸ
1145 3487 1246 3541 οὐχ
1275 3486 1435 3540 ἡμῶν
1467 3488 1542 3530 καὶ
1572 3488 1631 3530 τὰ
1661 3488 1798 3540 ὅμοια
1828 3487 1884 3530 οὔ
1917 3500 2073 3541 φαμεν
2105 3486 2226 3540 ἔχειν
2258 3485 2308 3527 ἑν
2338 3497 2486 3537 παρα-

324 3556 446 3599 θέςει
475 3556 566 3609 τὴν
596 3559 663 3609 ῑι,
695 3556 806 3600 οὐδὲ
838 3557 903 3600 ὡς
933 3561 1018 3600 τοῦ
1049 3557 1068 3600 ἶ
1098 3557 1454 3611 ἀποβληθέντος
1485 3558 1794 3611 ἀποςτροφὴν
1825 3557 2103 3611 ἐπιδέχεται,
2137 3556 2255 3598 ἀλλὰ
2286 3554 2487 3597 πεπλεο-

324 3639 438 3669 νακε
469 3626 527 3669 τὸ
555 3628 589 3680 χ
619 3626 671 3669 ἐν
703 3626 826 3681 μέςῳ
858 3627 932 3670 διὰ
961 3628 1019 3671 τὸ
1051 3628 1314 3683 κεχηνέναι.
1363 3627 1430 3669 cfr
1459 3627 1602 3669 etiam
1623 3626 1895 3670 Eustathius
1916 3626 1976 3670 ad
1996 3626 2130 3670 Iliad.
2155 3626 2186 3668 Κ
2211 3628 2293 3668 324
2312 3637 2342 3678 p
2364 3627 2485 3678 8093:

242 3729 244 3732 ψ
327 3696 379 3740 ἐν
409 3700 479 3752 τῷ
511 3698 635 3750 «οὐχ
664 3696 792 3739 ἅλιος
825 3698 999 3742 ςκοπὸς
1031 3699 1249 3752 ἔςςομαι>>
1278 3698 1536 3753 γράφουςιν
1567 3697 1610 3741 οἱ
1642 3699 1748 3752 περὶ
1779 3697 2071 3753 Ἡρόδωρον,
2097 3697 2176 3739 ’ὅτι
2208 3695 2406 3748 εὕρομεν
2437 3694 2488 3737 ἐν

326 3768 523 3811 πολλοῖς
554 3766 619 3811 εἰς
649 3766 706 3809 τὸ
735 3767 768 3820 ἶ
796 3767 1117 3822 ἀπόςτροφον.
1161 3772 1306 3812 τοῦτο
1336 3768 1387 3811 δὲ
1418 3768 1916 3823 παρεςημειωςάμεθα,
1949 3768 2014 3812 ὡς
2046 3768 2101 3810 ἂν
2133 3765 2302 3820 φανείη
2335 3765 2406 3807 ὅτι
2437 3764 2488 3807 ἑν

326 3840 397 3892 τῷ
429 3837 533 3892 οὐχ
573 3838 696 3881 ἅλις
734 3838 811 3880 καὶ
842 3837 944 3892 οὐχ
981 3839 1167 3884 οὕτως
1198 3841 1273 3883 καὶ
1304 3843 1405 3881 τοῖς
1444 3837 1620 3891 ὁμοίοις
1651 3838 1926 3892 ἀμφιβόλως
1959 3839 2089 3893 εἶχον
2120 3837 2164 3879 οἱ
2195 3834 2403 3887 παλαιοί,
2446 3834 2489 3877 οἱ

330 3908 414 3960 μὲν
454 3908 570 3961 μετὰ
601 3908 906 3963 ἀποςτρόφου
937 3910 1014 3952 καὶ
1044 3909 1227 3954 δαςείας
1264 3909 1538 3962 ποιούμενοι
1575 3911 1664 3963 τὴν
1702 3910 1916 3965 γραφήν,
1956 3908 2000 3952 οί
2037 3908 2087 3950 δὲ
2124 3905 2181 3948 τὸ
2220 3906 2302 3958 μέν
2340 3904 2489 3948 πάθος

328 3978 477 4030 ἤγουν
514 3979 603 4033 τὴν
642 3978 948 4034 ἀπόςτροφον
990 3981 1051 4034 μὴ
1090 3979 1405 4034 προςιέμενοι,
1454 3978 1602 4031 μόνον
1641 3981 1691 4024 δὲ
1729 3979 2122 4034 πνευματίζοντες
2484 3975 2490 4031 Ι

330 4046 361 4091 5
394 4047 443 4091 Ἡ
476 4048 528 4091 δὲ
556 4072 613 4081 —-
643 4049 854 4102 λέγεςθαι
890 4049 1093 4092 testatur
1122 4053 1172 4094 Σ
1198 4054 1299 4104 6991
1330 4047 1544 4105 (Porph)‚
1583 4049 1673 4092 nisi
1712 4050 1837 4105 quod
1875 4050 1950 4092 hic
1989 4046 2159 4092 desunt
2194 4045 2242 4088 in
2273 4043 2407 4088 UHb
2440 4045 2492 4089 ἐν

415 4126 592 4167 Dionysii
617 4127 776 4160 Thracis
802 4136 863 4160 ars
889 4127 1144 4168 grammatica
1170 4127 1227 4160 od.
1246 4127 1368 4166 Vhlig
1502 4136 1509 4144 ·
2126 4123 2151 4160 8
