2814 4400
4 4372 15 4395 κα

753 238 832 283 DE
861 236 1435 282 INTERPRETATIONE
1466 237 1826 282 ARMENIACA
2269 237 2370 281 LXI

358 367 408 419 4:
447 366 688 436 sequitur
736 365 1084 434 catalogus
1137 364 1570 417 terminorum
1617 364 2226 433 grammaticorum,
2283 365 2371 432 qui

218 454 396 503 utrum
444 450 508 502 de
547 450 750 503 Graeco
798 450 868 502 sit
914 448 1214 522 armeniace
1260 466 1535 517 expressus
1582 466 1651 499 an
1699 448 1755 499 in
1802 466 1954 500 usum
1993 448 2369 520 discipulorum

220 535 639 588 armeniacorum
687 534 986 587 armeniace
1033 528 1334 599 c‘onfectuS,
1385 549 1495 584 non
1534 534 1757 584 constat.
1834 531 1966 584 Cum
2004 550 2128 585 vero
2166 550 2374 600 compa-

172 624 180 633 ‘
218 619 356 672 ratio
401 619 650 671 instituta
688 620 898 684 doceat,
948 618 1003 670 in
1053 618 1153 669 hoc
1190 617 1436 685 catalogo
1486 617 1743 668 terminos
1782 615 2138 683 difficiliores,
2187 618 2278 686 qui
2316 617 2372 668 in

176 706 370 756 5textu
418 704 798 772 grammaticae
846 701 1150 755 armeniaco
1197 701 1478 769 leguntur,
1525 700 1712 753 eodem
1737 700 1943 752 ‘ordine
1990 702 2251 754 recenseri
2290 718 2375 752 ex-

218 788 508 858 plicarique
547 805 652 857 quo
692 789 978 840 occurrunt
1013 786 1071 838 in
1109 786 1475 856 grammatica,
1514 788 1663 853 patet
1698 787 1871 836 totum
1911 785 2212 853 catalogum
2239 803 2375 838 com-

217 873 451 941 positum
509 890 622 925 esse
669 890 732 924 ex
786 870 1002 924 scholiis
1047 869 1392 938 perbrevibus
1442 869 1734 937 antiquitus
1780 868 1949 937 ipsius
1998 870 2375 937 grammaticae

217 956 386 1010 textui
424 956 481 1008 in
518 957 760 1026 margine
799 954 1034 1022 adiectiS,
1073 971 1207 1022 quae
1246 953 1434 1005 deinde
1473 972 1500 1006 e
1538 954 1779 1022 margine
1816 953 2105 1006 secundum
2137 954 2374 1006 ordinem

221 1041 487 1109 descripta
522 1041 581 1093 in
618 1058 782 1093 unum
818 1042 944 1092 sunt
982 1037 1216 1091 collecta.
1282 1036 1425 1099 Quae
1465 1056 1583 1090 cum
1610 1038 1685 1090 ita
1711 1037 1837 1104 sint,
1877 1055 1907 1089 a
1934 1038 2044 1090 veri
2071 1039 2244 1106 specie
2270 1056 2377 1090 non

157 1143 198 1175 10
221 1128 302 1178 est
339 1124 587 1193 alienum,
626 1125 1004 1177 concinnatum
1043 1140 1155 1175 esse
1194 1122 1498 1191 catalogum
1537 1140 1600 1174 ex
1638 1121 1852 1174 scholiis
1890 1140 2001 1174 non
2040 1123 2246 1191 graecis
2286 1123 2377 1174 sed

219 1209 536 1262 armeniacis
583 1209 640 1261 in
689 1227 843 1261 usum
891 1206 1270 1276 discipulorum
1331 1206 1622 1275 adiunctis,
1682 1207 1903 1276 ideoque
1951 1207 2215 1276 originem
2266 1207 2377 1259 eius

217 1293 557 1346 tribuendam
612 1311 725 1346 esse
780 1292 983 1345 doctori
1037 1293 1195 1346 alicui
1248 1291 1565 1348 armeniacO.
1640 1290 1890 1345 Ceterum
1944 1291 2097 1357 haec
2134 1291 2376 1344 collectio

217 1378 571 1431 terminorum
618 1395 733 1430 eam
784 1378 852 1430 ob
890 1395 1102 1430 causam
1139 1395 1252 1431 non
1299 1376 1527 1446 indigna
1564 1379 1668 1444 est,
1718 1393 1851 1445 quae
1890 1393 2011 1428 cum
2048 1377 2167 1445 ipsa
2203 1394 2379 1447 gram-

218 1463 415 1516 matica
453 1462 783 1528 conferatur,
831 1462 968 1531 quod
1015 1479 1077 1514 ex
1116 1462 1320 1515 ambitu
1358 1461 1677 1514 scholiorum
1714 1460 2070 1531 intellegitur,
2121 1479 2379 1530 quaenam

156 1563 198 1597 15
221 1547 398 1617 capita
436 1547 493 1599 in
530 1546 937 1617 grammaticam
970 1545 1354 1616 Dionysianam
1391 1546 1594 1599 fuerint
1630 1548 1844 1621 recepta
1881 1563 1942 1598 eo
1980 1548 2237 1615 tempore,
2278 1563 2380 1614 quo

217 1632 305 1686 hic
357 1632 518 1685 index
568 1631 946 1685 vocabulorum
997 1634 1078 1684 est
1129 1631 1423 1684 confectus,
1499 1630 1637 1683 Cum
1685 1631 1827 1682 enim
1874 1629 2078 1683 scholia
2114 1649 2146 1682 a
2190 1630 2380 1699 capitis

216 1717 376 1786 primi
422 1716 599 1769 verbis
645 1715 790 1770 hisce
836 1714 1183 1784 explanandis
1228 1708 1517 1784 incipiam:
1566 1715 1861 1778 ἀνάγνωειε
1897 1715 2379 1782 werdsanouffliun,

218 1802 457 1869 ἐντριβής
491 1817 733 1868 neryour,
773 1800 1177 1866 ἐνυπάρχονταε
1213 1800 1443 1868 nerkojS,
1484 1800 1774 1865 πρόχειρος
1808 1817 1874 1863 ar
1909 1802 2068 1868 tgern,
2107 1817 2168 1853 ac
2193 1800 2381 1853 deinde

216 1903 383 1955 usque
431 1885 496 1939 ad
535 1883 726 1953 capitis
776 1883 839 1936 de
885 1885 1110 1953 pedibus
1148 1885 1310 1937 finem
1347 1883 1677 1953 pertineant,
1728 1901 1839 1936 non
1877 1887 1959 1936 est
1996 1884 2212 1937 dubium
2253 1885 2382 1954 quin

155 1987 196 2020 20
219 1970 324 2023 hoc
361 1974 520 2040 caput
555 1970 663 2022 iam
700 1971 827 2021 tunc
863 1969 1245 2039 grammaticae
1282 1968 1644 2037 Dionysianae
1682 1986 1949 2021 annexum
1985 1968 2160 2022 fuerit.

358 2056 409 2109 5.
447 2055 676 2123 denique
713 2053 990 2106 invenitur
1025 2041 1770 2123 paradigma'nominiffi
1822 2054 1906 2106 cui
1945 2053 2262 2122 inscriptum
2301 2057 2383 2106 est

218 2140 446 2205 holowgh
501 2142 770 2204 amicant-s
806 2166 874 2183 =
914 2140 1138 2194 πτώεειε
1185 2138 1342 2210 (τῶν)
1391 2139 1694 2205 ὀνομάτων.
1772 2137 1923 2200 Quod
1970 2141 2129 2208 caput
2178 2138 2382 2191 duobus

217 2224 457 2278 versibus
498 2228 750 2287 constans
786 2225 1147 2294 fragmentum
1187 2242 1299 2276 esse
1337 2223 1461 2275 inde
1498 2223 1710 2293 colligO,
1750 2222 1875 2292 quia
1910 2223 2236 2294 singularem
2262 2226 2381 2276 tan-

218 2313 336 2361 tum
370 2327 649 2362 numerum
689 2310 948 2376 continet,
987 2307 1136 2362 nulla
1161 2308 1382 2377 pluralis
1418 2307 1628 2360 numeri
1653 2307 1839 2360 habita
1871 2308 2091 2362 ratione.
2155 2307 2383 2362 Videtur

155 2410 199 2443 25
220 2394 389 2464 igitur
426 2394 710 2465 (siquidem
750 2395 1027 2463 catalogus
1065 2393 1418 2446 terminorum
1442 2391 1812 2445 technicorum
1846 2391 1984 2445 nihil
2009 2396 2090 2446 est
2114 2393 2219 2446 nisi
2246 2411 2382 2446 com-

219 2480 419 2549 positio
446 2478 782 2544 scholiorum,
810 2497 970 2548 quam
990 2478 1239 2547 primitus
1265 2494 1372 2529 non
1400 2476 1564 2529 fuisse
1590 2477 1758 2546 ipsius
1776 2479 2160 2548 grammaticae
2179 2482 2382 2547 partem
2421 2501 2424 2505 ’

219 2555 314 2633 per
350 2582 406 2617 se
442 2563 797 2634 intellegitur)
837 2564 1074 2634 genuina
1111 2562 1492 2632 grammaticae
1530 2562 1808 2630 dispositio
1846 2562 1976 2616 haec
2010 2564 2191 2630 fuisse,
2230 2567 2290 2616 ut
2326 2564 2385 2616 in

219 2649 327 2702 fine
365 2647 745 2702 exhiberentur
780 2648 1150 2718 paradigmata
1188 2651 1242 2700 et
1277 2646 1562 2700 verborum
1599 2652 1652 2699 et
1680 2647 1976 2716 nominum,
2016 2649 2206 2717 quibus
2230 2667 2384 2718 prae-

223 2737 465 2803 ceptores
513 2734 570 2786 in
617 2733 811 2787 scholis
859 2751 1036 2787 carere
1083 2750 1194 2785 non
1241 2735 1514 2802 poterant,
1563 2732 2002 2801 quemadmodum
2040 2751 2141 2787 nos
2178 2751 2384 2803 quoque

158 2833 202 2867 30
223 2818 280 2871 in
317 2818 423 2870 fine
461 2818 654 2871 artium
692 2818 1159 2889 grammaticarum
1198 2818 1371 2870 omnis
1409 2818 1620 2887 generis
1658 2817 1854 2870 formas
1892 2835 2166 2871 recensere
2200 2822 2254 2872 et
2277 2837 2383 2872 uno

225 2906 514 2972 conspectu
561 2921 863 2972 proponere
907 2903 1155 2956 solemus.
1227 2900 1343 2954 Iam
1393 2919 1512 2954 cum
1558 2902 1872 2972 paradigma
1907 2903 2056 2955 verbi
2094 2903 2384 2956 secundum

226 2987 496 3057 exemplar
532 3006 783 3057 graecum
809 2988 1113 3042 confectum
1140 2986 1224 3052 sit,
1265 2987 1427 3039 etiam
1452 2987 1686 3039 nominis
1712 2986 1912 3039 formas
1945 2987 2012 3039 ad
2037 2985 2385 3057 archetypum

225 3073 438 3142 aliquod
486 3090 735 3143 graecum
779 3073 1084 3126 referendas
1132 3090 1245 3125 esse
1282 3089 1480 3141 magna
1527 3089 1646 3124 cum
1682 3071 1794 3124 veri
1831 3072 2006 3140 specie
2043 3072 2216 3126 dicere
2253 3072 2386 3142 mihi

225 3157 421 3210 videor.
495 3157 637 3211 Nam
674 3158 762 3211 ubi
802 3158 949 3211 verbi
985 3158 1186 3210 formae
1223 3159 1594 3222 recensentur,
1628 3156 1746 3225 quis
1784 3159 1864 3208 est
1900 3157 2030 3225 quin
2069 3157 2251 3210 credat
2286 3177 2384 3211 no-

163 3258 206 3292 35
226 3242 387 3295 minis
424 3260 630 3312 quoque
678 3243 952 3296 schemata
999 3243 1127 3296 olim
1174 3260 1328 3295 suum
1365 3241 1614 3293 habuisse
1651 3240 1864 3293 locum?
1911 3259 2084 3312 neque
2120 3242 2175 3295 id
2213 3243 2388 3295 obstat

227 3326 368 3396 quod
404 3327 462 3379 in
498 3327 823 3397 fragmento,
861 3327 925 3379 de
963 3345 1066 3396 quo
1104 3328 1329 3397 agimus,
1371 3326 1531 3379 etiam
1557 3326 1978 3378 instrumentalis
2003 3326 2383 3398 (arao—hayan),

228 3429 332 3480 quo
380 3410 566 3464 Graeci
613 3429 724 3465 non
769 3415 1018 3482 utuntur,
1074 3430 1289 3465 casuum
1340 3428 1563 3463 numero
1612 3410 1843 3463 insertus
1894 3413 1988 3467 est.
2062 3411 2279 3464 Etenim
2329 3413 2385 3464 in

213 3509 216 3512 ’
227 3496 579 3566 grammatica
614 3496 733 3565 ipsa
770 3514 981 3566 quoque
1018 3497 1082 3550 de
1123 3497 1330 3550 casibus
1368 3512 1534 3565 agens
1571 3495 1833 3563 interpres
1871 3497 2138 3549 armenius
2176 3515 2384 3550 enume-

227 3580 368 3633 ravit
418 3598 554 3647 sex,
602 3581 744 3634 inter
790 3599 922 3651 quos
969 3585 1049 3634 est
1092 3580 1519 3635 instrumentalis
1531 3620 1545 3647 ‚
1592 3597 1711 3632 cum
1756 3581 1814 3632 in
1859 3582 2148 3650 exemplari
2195 3599 2388 3651 graeco

169 3680 212 3714 40
236 3665 448 3735 legatur
497 3667 721 3720 πτώεειε
769 3666 1055 3734 ὀνομάτων
1103 3666 1196 3720 eici
1240 3667 1452 3720 πέντε.
1536 3663 1721 3733 Itaque
1766 3665 1874 3717 iam
1923 3667 1981 3718 in
2026 3669 2178 3734 parte
2223 3666 2388 3718 libelli

229 3748 524 3803 theoretica
560 3751 1024 3805 instrumentalem
1069 3769 1181 3805 non
1217 3749 1480 3819 neglexit,
1527 3766 1683 3818 quem
1719 3749 1777 3802 in
1813 3753 1967 3819 parte
2003 3751 2240 3819 practica
2274 3768 2388 3804 non

228 3834 465 3902 potuisse
502 3835 679 3888 omitti
715 3831 948 3905 apparet2

375 3918 520 3981 Quae
546 3921 592 3973 si
617 3925 762 3973 recte
789 3921 1141 3989 exposuimus,
1175 3919 1443 3988 exemplar
1468 3919 1600 3972 artis
1627 3919 2001 3988 Dionysianae,
2039 3938 2102 3972 ex
2128 3937 2231 3988 quo
2258 3919 2389 3973 haec

234 4004 607 4074 interpretatio
644 4005 786 4058 facta
825 4009 930 4074 est,
977 4006 1055 4058 ita
1070 4005 1298 4084 ‘videtur
1334 4003 1646 4057 adornatum
1684 4005 1873 4069 fuisse,
1912 4008 1972 4056 ut
2008 4005 2391 4073 expositionem
