2808 4394
912 267 1205 332 ςῨΝτΑΞις
1224 308 1275 317 -
1298 268 1709 331 ςχετΛιΑςτικᾸ

292 415 475 460 tantum
505 418 573 464 70,
605 420 646 459 3.
691 414 855 458 contra
878 412 1149 469 Apollonius
1169 416 1290 467 Dys-

293 483 421 528 colus
458 484 643 528 nomine
680 484 901 528 utebatur
929 496 1022 528 non
1051 482 1200 527 solnm
1230 482 1288 526 de

293 554 611 611 parathetico,
649 554 730 599 sed
767 553 910 598 etiam
941 554 998 597 de
1029 551 1289 609 synthetico

292 637 457 669 vocum
503 638 702 669 conexu:
747 640 790 668 v.
839 624 899 669 ad
943 629 1020 679 70,
1064 627 1204 667 2-3
1243 623 1291 665 et

292 694 470 738 Lehrsii
490 695 804 739 Herodianum
836 710 867 752 p
888 699 959 740 87.
992 718 1045 727 -
1076 695 1289 739 ςύνταξιν

292 764 351 809 de
382 765 630 810 verborum
660 765 999 810 constructione
1030 777 1127 818 qua
1145 777 1286 808 enun-

291 835 462 879 tiatum
492 835 689 880 efficitur
718 839 787 890 22,
819 839 847 879 4

234 904 665 962 συντασσόμενα
687 906 745 949 de
767 905 1119 950 consonantium
1141 906 1190 949 et
1209 916 1281 947 vo-

290 977 460 1020 calium
493 975 818 1020 coniunctione
854 981 918 1030 11,
952 981 979 1020 3

234 1045 565 1103 συνώνυμον
594 1047 742 1101 ὄνομα
772 1052 841 1099 33,
873 1051 914 1093 2.
956 1050 1024 1099 36,
1054 1050 1092 1090 5.
1152 1058 1287 1100 syno-

289 1131 431 1173 nyma
487 1116 542 1160 D.
601 1115 811 1173 appellat
866 1116 1058 1160 nomina
1106 1115 1288 1159 diversa

289 1188 413 1231 idem
460 1186 784 1243 significantia.
859 1200 944 1230 nec
992 1185 1128 1230 aliter
1174 1185 1285 1229 defi-

289 1257 426 1301 niunt
454 1257 714 1302 erotemata
747 1256 1079 1310 vetustissima,
1110 1255 1191 1300 sed
1214 1270 1287 1300 ca-

288 1327 503 1372 techismi
532 1327 823 1383 Moschopuli
852 1328 956 1384 (Eb)
989 1329 1037 1371 et
1065 1327 1163 1389 Nili
1184 1330 1285 1383 (EV)

289 1398 568 1454 discrepant.
606 1411 715 1442 nam
746 1397 873 1453 apud
901 1397 1033 1441 illum
1063 1397 1283 1454 legimus:

290 1470 348 1512 τὸ
371 1470 490 1512 κατὰ
510 1470 754 1524 διαφόρων
777 1470 862 1522 μὲν
882 1473 952 1525 τῷ
974 1469 1169 1525 ἀριθμῷ,
1200 1473 1286 1523 τῆς

289 1541 439 1595 αὐτῆς
469 1541 520 1584 δὲ
548 1539 706 1585 οὐςίας
736 1540 895 1582 ὄντων
924 1540 982 1582 τὸ
1013 1540 1133 1583 αὐτὸ
1154 1541 1286 1593 λεγό-

290 1625 434 1663 μενον
483 1611 815 1665 (homonymon
871 1609 1168 1654 definiverat:
1228 1611 1286 1653 τὸ

289 1682 409 1724 κατὰ
437 1681 681 1735 διαφόρων
711 1682 884 1724 οὐςιῶν
913 1682 970 1724 τὸ
1004 1682 1122 1723 αὐτὸ
1154 1681 1286 1733 λεγό-

290 1756 466 1805 μενον),
517 1751 643 1807 apud
672 1750 853 1794 Nilum:
883 1751 930 1795 τί
958 1752 1050 1795 ἑςτι
1081 1752 1285 1795 ςυνώνυ-

290 1836 405 1876 μον;
446 1822 632 1865 οὗτινος
662 1821 720 1864 τὸ
752 1822 902 1875 ὄνομα
933 1823 1008 1865 καὶ
1040 1822 1066 1884 6
1098 1822 1286 1875 όριςμὸς

288 1893 356 1935 ἔνι
387 1893 414 1935 6
443 1892 603 1945 αὐτός,
634 1891 700 1935 ὡς
730 1892 757 1934 6
787 1892 973 1947 Πέτρος
1004 1893 1079 1934 καὶ
1109 1893 1135 1934 6
1155 1891 1283 1935 Παῦ-

288 1964 389 2007 λος·
428 1962 688 2017 ἀμφότεροι
725 1962 814 2016 γὰρ
851 1963 1096 2016 ἄνθρωποι
1127 1962 1286 2015 λέγον-

286 2047 375 2077 ται.
435 2035 511 2076 καὶ
548 2037 635 2087 τῆς
664 2033 812 2088 αὐτῆς
843 2033 1000 2078 οὐςίας
1030 2026 1156 2078 εἰςίν.
1216 2035 1286 2079 cfr

287 2102 529 2148 Aristotel.
564 2104 776 2158 categor.
813 2108 914 2158 lae:
946 2105 1197 2160 ςυνώνυμα
1234 2107 1285 2150 δὲ

288 2175 476 2228 λέγεται
508 2173 578 2217 ὧν
607 2174 666 2218 τό
696 2187 749 2218 τε
778 2174 929 2229 ὄνομα
959 2175 1120 2220 κοινὸν
1152 2178 1228 2220 καὶ
1259 2178 1285 2220 6

290 2247 409 2289 κατὰ
458 2246 670 2299 τοῦνομα
728 2245 868 2299 λόγος
915 2249 1002 2300 τῆς
1051 2246 1208 2291 οὐςίας
1259 2248 1285 2291 6

288 2317 456 2370 αὐτός,
499 2314 602 2359 οἷον
631 2318 756 2371 ζῷον
787 2317 812 2359 ὅ
843 2329 896 2359 τε
926 2317 1179 2371 ἄνθρωπος
1210 2319 1286 2362 καὶ

286 2388 312 2430 ὁ
352 2389 475 2440 βοῦς.
535 2388 561 2430 6
600 2387 689 2441 γὰρ
731 2387 982 2441 ἄνθρωπος
1012 2389 1145 2431 καὶ-ὁ
1177 2390 1286 2441 βοῦς

287 2462 431 2513 κοινῷ
470 2458 667 2510 ὀνόματι
712 2459 1104 2512 προςαγορεύεται
1144 2462 1286 2514 ζῷον,

182 2519 188 2524 ’
231 2538 240 2540 ’
288 2530 362 2572 καὶ
408 2531 434 2572 6
480 2529 621 2581 λόγος
665 2529 715 2571 δὲ
751 2531 838 2583 τῆς
875 2527 1030 2572 οὐςίας
1077 2530 1102 2573 6
1141 2530 1285 2574 αὐτός

288 2598 366 2655 (ad
395 2602 480 2653 τῆς
511 2598 667 2643 οὐςίας
697 2598 768 2641 cfr
796 2597 973 2642 scholia
1002 2599 1052 2642 et
1079 2598 1234 2643 Waitz
1265 2599 1286 2642 I

288 2684 320 2726 p
349 2673 432 2713 269
448 2671 559 2723 seq).
618 2669 741 2712 hunc
772 2683 905 2712 usum
936 2669 1106 2724 secuti,
1146 2684 1285 2726 quem

287 2739 514 2796 Stagirita
543 2740 860 2794 stequentavit
889 2740 939 2783 et
967 2740 1026 2784 ab
1058 2742 1284 2797 magistro

288 2824 511 2867 accepere
541 2809 862 2866 Peripatetici,
904 2809 1048 2854 etiam
1076 2810 1285 2856 Moscho-

286 2881 426 2938 pulus
464 2882 514 2924 et
542 2880 677 2924 Nilus
716 2894 790 2925 res
828 2880 1039 2925 diversas
1077 2881 1283 2926 eiusdem

286 2952 495 3007 generis,
540 2965 661 3006 quae
706 2951 939 2995 communi
981 2953 1166 3008 generis
1204 2966 1284 2997 no-

287 3024 412 3066 mine
473 3021 702 3078 appellari
757 3022 975 3079 possunt,
1035 3024 1285 3078 ςυνώνυμα

259 3081 261 3085 ’
286 3094 559 3150 nuncupant
586 3105 740 3146 neque
763 3105 872 3136 vero
893 3093 1082 3136 nomina
1102 3094 1285 3138 diversa

288 3163 495 3208 eiusdem
524 3163 786 3219 potestatis.
851 3165 916 3207 At
945 3163 1284 3221 alter-quoque

286 3234 484 3279 nominis
529 3247 637 3277 usus
674 3234 771 3277 iam
817 3233 944 3290 apud
987 3234 1283 3279 Aristotelem

286 3303 674 3361 deprehenditur,
734 3304 842 3348 vide
899 3305 1073 3349 rhetor.
1131 3305 1199 3349 III
1259 3311 1283 3349 2

286 3390 317 3433 p
350 3376 552 3432 1404b37:
589 3379 691 3419 τῶν
728 3377 778 3419 δ’
808 3376 1060 3430 ὀνομάτων
1098 3381 1167 3431 τῷ
1201 3378 1285 3430 μὲν

287 3452 482 3502 ςοφιςτῇ
513 3447 775 3500 ὁμωνυμίαι
806 3447 1045 3501 χρήςιμαι,
1085 3452 1156 3504 τῷ
1186 3462 1284 3491 ποι-

287 3522 378 3574 ητῇ
410 3519 461 3561 δὲ
491 3518 788 3572 ςυνωνυμίαι.
838 3518 964 3571 λέγω
996 3519 1048 3561 δὲ
1078 3519 1211 3573 κύριά
1232 3532 1284 3562 τε

287 3590 363 3632 καὶ
402 3589 651 3642 ςυνώνυμα
695 3587 799 3632 οἷον
841 3589 899 3632 τὸ
939 3590 1284 3643 πορεύεςθαι

286 3660 363 3702 καὶ
400 3660 458 3702 τὸ
499 3657 780 3712 βαδίζειν·
818 3662 972 3702 ταῦτα
1006 3660 1096 3714 γὰρ
1133 3660 1283 3714 ἀμφό-

286 3743 400 3783 τερα
445 3730 520 3771 καὶ
564 3730 696 3784 κύρια
741 3730 818 3772 καὶ
857 3731 1107 3784 ςυνὼνυμα
1143 3731 1283 3784 ἀλλή·

286 3802 384 3844 λοις
426 3798 514 3854 (cfr
544 3797 811 3854 Simplicius
851 3799 912 3843 ad
950 3800 1091 3844 Arist.
1131 3803 1281 3859 categ.

285 3874 408 3926 43a„
431 3872 480 3913 et
500 3870 569 3925 ²⁷).
620 3868 681 3913 ad
709 3869 794 3913 has
823 3871 1123 3926 synonymias
1146 3871 1283 3928 signi-

293 3939 499 3984 ficandas
530 3938 818 3996 Speusippus
849 3938 1032 3998 (simpl.
1063 3941 1123 3985 ad
1144 3942 1283 3986 Arist.

289 4013 379 4055 cat.
402 4011 657 4067 43b19—22)
689 4012 737 4054 et
759 4010 1063 4066 Peripatetici
1094 4012 1284 4056 adhibe-

288 4082 402 4125 bant
421 4084 758 4137 πολυωνύμων
789 4081 1154 4138 appellationem
1177 4085 1286 4137 (qua

2287 288 2387 342 175

1388 412 1662 458 Aristoteles
1692 428 1799 458 usus
1829 426 1920 458 non
1951 415 2025 459 est
2051 412 2140 458 nisi
2169 414 2228 459 de
2247 414 2384 458 rebus

1389 482 1558 537 quibus
1594 484 1744 528 multa
1781 483 1970 527 nomina
1999 485 2145 539 sunt),
2182 485 2384 542 irrepse-

1390 554 1591 608 runtque
1623 555 1834 609 ὀνόματα
1855 557 2144 609 πολυώνυμα
2165 554 2308 599 etiam
2337 554 2383 598 in

1390 623 1803 679 grammaticorum
1833 624 1997 668 libros:
2029 624 2136 668 vide
2166 625 2226 668 ad
2257 629 2327 680 36,
2358 631 2385 668 5

1390 694 1439 736 et
1468 693 1553 736 sub
1584 695 1901 748 πολυώνυμον

1331 765 1562 818 ςυριγμός.
1632 770 1863 820 ςυριγμοῖς
1910 768 1992 808 aut
2026 765 2073 808 in
2112 767 2211 809 arte
2254 770 2327 819 12,
2358 771 2384 809 2

1388 836 1471 878 aut
1515 834 1563 876 in
1610 834 1883 879 scholiastae
1929 835 2259 890 explanatione
2299 850 2386 891 pro

1390 910 1565 958 ςιγμοῖς
1584 904 1777 961 legebat
1798 904 2057 953 Armenius,
2086 906 2382 961 trisyllabum

1387 987 1558 1018 nomen
1595 975 1791 1019 eandem
1832 975 1928 1018 vim
1974 976 2243 1031 generalem
2282 989 2382 1032 pei·-

1387 1058 1527 1101 saepe
1565 1045 1709 1089 habet
1748 1059 1889 1100 quam
1928 1045 2210 1101 bisyllabum
2241 1048 2384 1100 at‹1ue

1387 1115 1622 1174 interdum
1671 1115 1907 1160 invenitur
1954 1115 2000 1158 in
2059 1115 2182 1159 illius
2231 1116 2383 1160 locum

1387 1185 1708 1229 substitutum:
1768 1186 1830 1231 ad
1877 1191 1949 1241 12,
1995 1191 2021 1229 2
2077 1188 2125 1230 et
2173 1186 2384 1231 Addend.

1384 1255 1551 1299 LXXX
1584 1261 1634 1300 14

1331 1327 1702 1373 συστέλλεται
1740 1327 1798 1372 dc
1828 1327 2120 1383 correptione
2152 1327 2382 1371 vocalium

1389 1397 1644 1454 ancipitum
1677 1403 1743 1453 10,
1774 1404 1801 1443 3

1331 1482 1579 1538 *ςύςτημα
1614 1483 1662 1526 in
1700 1484 1870 1538 τέχνης
1909 1483 2179 1527 definitione
2215 1489 2315 1536 115,
2345 1490 2385 1530 3.

1390 1579 1435 1585 -
1473 1554 1715 1610 *ςύςτημα
1754 1557 1997 1608 ςυλλαβῶν
2035 1553 2083 1596 in
2115 1553 2384 1598 definitione

1387 1623 1521 1679 pedis
1556 1628 1647 1677 117,
1682 1629 1708 1669 5

1332 1705 1581 1764 συστολή
1619 1708 1678 1752 de
1710 1708 2002 1764 correptione
2040 1709 2270 1753 vocalium
2307 1723 2386 1752 an·

1388 1777 1584 1835 cipitum
1615 1783 1685 1834 20,
1718 1783 1744 1821 2

1330 1854 1495 1907 σφεῖς
1525 1854 1592 1902 67,
1626 1854 1647 1892 1
1680 1849 1788 1894 vide
1818 1850 1837 1893 ἵ

1330 1920 1527 1975 ςφέτερε
1573 1921 1790 1975 ςφετέρω
1837 1921 2055 1975 ςφὲτεροι
2100 1920 2301 1965 vocativi
2338 1921 2385 1964 in

1384 1991 1590 2035 tractatu
1635 1990 1741 2036 aevi
1785 1990 2017 2047 byzantii:
2063 1991 2123 2034 ad
2167 1996 2243 2047 67,
2274 1996 2299 2035 6
2338 1993 2385 2035 in
2428 2012 2432 2017 ·

1384 2061 1506 2109 med.
1551 2075 1581 2118 p
1618 2066 1698 2120 68.
1758 2060 1826 2104 cfr
1870 2060 2023 2118 Apoll.
2068 2061 2126 2104 de
2172 2075 2385 2117 pronom.

1386 2133 1492 2175 27A
1522 2152 1577 2168 =
1607 2136 1698 2188 22„

1330 2202 1562 2263 σφόδρα
1595 2203 1859 2259 exemplum
1881 2201 2210 2246 adverbiorum
2232 2201 2385 2247 inten-

1386 2273 1590 2318 tivorum
1619 2277 1689 2330 84,
1724 2280 1746 2317 1

1331 2359 1460 2414 ςφωέ
1491 2358 1673 2402 addunt
1702 2362 1773 2413 66,
1803 2364 1829 2403 3
1860 2359 2124 2403 erotemata
2154 2371 2384 2402 commen-

1386 2428 1635 2484 tariolique
1663 2428 1874 2485 byzantii
1904 2428 2085 2472 codices
2116 2429 2229 2483 du0;
2260 2429 2384 2472 idem

1386 2499 1584 2543 fortasse
1616 2499 1663 2543 in
1696 2499 1862 2544 techne
1892 2499 2085 2557 legebat
2115 2499 2383 2542 Armenius:

1388 2569 1497 2614 vide
1530 2571 1637 2614 adn.
1670 2569 1731 2614 ad
1759 2570 1789 2618 1,
1819 2570 1849 2613 1.

1331 2641 1488 2698 σφῶϊ
1510 2645 1580 2694 66,
1613 2646 1638 2685 3
1670 2640 1776 2684 vide
1807 2642 1860 2684 ςύ

1330 2725 1557 2782 σχέσεις
1582 2729 1649 2781 76,
1674 2730 1699 2768 2
1726 2725 1784 2769 de
1815 2723 2007 2769 diversis
2035 2725 2385 2771 condicionibus

1386 2809 1506 2852 quae
1562 2794 1799 2841 adverbiis
1849 2794 2075 2839 localibus
2123 2796 2383 2853 significan-

1384 2868 1483 2910 tur:
1524 2865 1621 2910 eius
1657 2864 1857 2910 hominis
1898 2865 1979 2920 qui
2014 2867 2062 2909 in
2093 2866 2249 2922 aliquo
2280 2867 2382 2911 loco

1385 2938 1619 2991 versatur,
1661 2937 1757 2980 eius
1796 2935 1877 2992 qui
1913 2935 1963 2979 in
1994 2936 2201 2991 aliquem
2229 2937 2382 2982 locum

1386 3007 1561 3063 tendit,
1603 3007 1701 3052 eius
1732 3007 1814 3063 qui
1843 3021 1900 3051 ex
1931 3006 2091 3062 aliquo
2122 3007 2224 3051 loco
2257 3008 2386 3051 venit

1329 3091 1733 3150 σχετλιαστικὰ
1754 3093 2049 3148 ἐπιρρήματα
2068 3092 2287 3136 adverbia
2307 3092 2384 3137 do-

1385 3164 1524 3208 lorem
1561 3163 1880 3220 siqnificantia
1917 3163 2272 3218 (interiectiones
2307 3162 2384 3206 do-

1385 3235 1522 3279 lentis
1560 3233 1881 3278 technicorum
1919 3232 2195 3289 latinorum)
2234 3237 2306 3285 77,
2347 3238 2382 3276 1.

1386 3306 1524 3350 latius
1553 3306 1687 3361 patet
1707 3303 1776 3348 vis
1797 3303 2126 3360 appellationis
2146 3303 2272 3359 apud
2291 3301 2383 3346 He-

1386 3376 1630 3420 rodianum
1648 3375 2072 3431 grammaticosque
2088 3374 2383 3430 posteriores.

1385 3447 1433 3490 in
1463 3446 1586 3490 libro
1618 3448 1725 3500 περὶ
1756 3446 1991 3500 μονήρους
2021 3445 2196 3490 λε’ξεως
2225 3449 2315 3500 2713
2336 3446 2384 3488 et

1386 3516 1512 3573 apud
1524 3515 1773 3560 Arcadium
1790 3520 1909 3572 208¹8
1919 3514 2068 3559 Schm.
2084 3515 2227 3559 etiam
2246 3515 2381 3570 βαβαί

1385 3587 1508 3632 inter
1553 3588 1872 3642 ςχετλιαςτικὰ
1909 3588 2205 3638 numeratur,
2255 3586 2382 3640 quod

1385 3658 1611 3713 Dionysio
1643 3657 1910 3714 exemplum
1942 3658 2013 3701 est
2042 3660 2381 3710 θαυμαςτικῶν.

1385 3727 1715 3773 bacchantium
1763 3726 2110 3772 interiectiones
2156 3727 2383 3783 (Dionysii

1385 3801 1678 3855 ἐπιρρήματα
1747 3800 1983 3852 θειαςμοῡ)
2058 3797 2384 3841 adscribuntur

1385 3873 1742 3925 ςχετλιαςτικοῖς
1800 3868 1926 3924 apud
1978 3868 2200 3912 Ioannem
2250 3868 2383 3912 Alex.

1385 3945 1566 3997 36¹5--¹⁷
1578 3941 1745 3985 Arcad.
1759 3945 1877 3996 20817
1888 3939 2236 3995 Theognostum
2249 3945 2384 3995 158¹„

1386 4012 1468 4067 qui
1504 4012 1634 4056 locus
1665 4011 1929 4055 etiamnunc
1967 4011 2036 4054 ita
2070 4009 2381 4054 restituendus

1388 4095 1487 4126 esse
1516 4082 1632 4126 mihi
1656 4082 1860 4127 videtur:
1894 4083 1920 4125 6
1942 4081 2086 4126 αὐτός
2107 4079 2211 4135 (scil
2233 4082 2378 4136 Ἡρω-
