2808 4394
379 265 447 318 74
802 235 805 237 ⁵
1023 267 1047 315 s
1080 267 1133 306 19
1165 264 1258 318 (24)
1317 262 1407 306 Ex
1446 262 1591 310 REO.
1630 263 1894 308 PRIORE

378 392 452 446 ὡς
489 392 601 458 εἴδη
656 391 990 446 ὑποτακτέον
1037 393 1102 446 τὰ
1152 395 1338 458 καιροῦ
1378 394 1763 460 παραςτατικά,
1818 392 1939 448 οἷον
1977 394 2256 460 ςήμερον
2301 395 2542 461 αὔριον
2568 407 2716 463 υ6411)
2798 432 2808 435 κ»

375 477 594 544 τόφρα
628 478 792 530 τέως
839 477 1097 542 πηνίκα.
2311 531 2314 533 ,
2565 495 2608 541 ss
2800 482 2805 483 ’

517 562 621 630 <2>
659 563 739 615 Τὰ
776 564 835 616 δὲ
872 563 1185 629 μεςότητος,
1226 563 1346 618 οἷον
1385 567 1597 618 καλῶς
1645 568 1880 631 ςοφῶς.

378 731 745 790 [ΒΙεοΒΕΡΑΝΤΙΑ
785 747 1058 777 εοΒῐΡΤνΒΑΕ
1098 749 1147 777 IN
1187 732 1606 790 LGBTVHAfb]
1712 734 1740 778 1
1778 733 2084 778 ὑποτακτέον
2124 732 2322 778 LGBb:
2371 735 2542 780 ὑποτέ-

374 816 541 847 τακται
572 802 634 858 Τ,
666 804 970 857 ὑπονοητέον
1000 803 1179 848 VHAf
1199 807 1206 860 Ι
1316 804 1425 860 post
1453 804 1513 848 τὰ
1544 804 1637 848 add
1667 805 1717 848 δὲ
1746 803 1783 846 Τ
1809 804 1817 860 Ι
1928 805 2223 860 παρατατικά
2255 803 2294 848 G
2320 805 2326 861 Ι
2435 806 2544 863 post

373 875 538 929 αὔριον
569 873 662 917 add
692 876 799 929 χθές
830 874 867 918 Β
897 876 913 931 ΙΙ
1018 874 1049 919 2
1080 875 1189 931 post
1216 876 1337 920 τέως
1368 874 1462 920 add
1495 876 1584 920 ἕως
1615 875 1651 919 Β
1686 876 1693 931 Ι
1804 875 1911 933 post
1945 875 2120 931 πηνίκα
2151 875 2243 920 add
2274 877 2394 921 ποτέ
2424 875 2461 920 Β
2527 877 2542 933 Η

373 945 404 990 3
435 945 546 1001 post
575 949 734 1000 ςοφῶς
766 944 860 989 add
890 947 1105 991 δυνατῶς
1138 945 1266 989 BTb
2628 959 2631 960 ⁷
2659 940 2662 942 ’

375 1116 782 1174 [DISOREPANTIAE
802 1133 860 1161 ET
882 1133 1159 1162 'msa-morsm
1181 1134 1411 1163 scnomon.
1431 1120 1539 1172 (Σσ
1550 1120 1602 1174 λ)
1624 1134 1930 1164 EROTEMATVM
1950 1121 2032 1176 (Ε)
2056 1134 2261 1164 Amonvu
2284 1125 2542 1173 sempron]

372 1187 611 1233 distinctio
659 1189 787 1245 apud.
838 1188 1175 1233 Palaemonem
1221 1190 1270 1233 et
1313 1188 1593 1233 Dositheum
1638 1190 1686 1233 ll.
1734 1190 1783 1237 ll.
1860 1190 2080 1248 Plerique
2134 1190 2430 1249 grammatici
2477 1191 2542 1236 la-

370 1259 459 1302 tini
497 1259 772 1316 generalem
818 1261 1005 1303 tantum
1050 1259 1421 1316 appellationem
1461 1260 1795 1305 adverbiorum
1836 1250 2063 1319 temporis
2093 1262 2171 1306 vel
2207 1261 2544 1319 temporalium
2625 1268 2628 1269 ’

370 1330 449 1375 vel
492 1332 679 1386 tempus
724 1330 1091 1386 significantium
1135 1331 1313 1374 habent
1352 1332 1457 1386 (nec
1495 1332 1647 1388 magis
1685 1333 1935 1376 secernunt
1972 1332 2030 1376 ab
2061 1333 2257 1389 reliquis
2286 1334 2347 1378 τὰ
2379 1337 2541 1389 καιροῦ

370 1402 691 1456 παραςτατικὰ
731 1401 858 1445 Gaza
895 1400 1105 1444 Lascaris
1138 1402 1411 1458 Chalcond.)
1463 1400 1479 1454 ΙΙ
1631 1434 1634 1435 ⁷
1857 1403 1884 1447 1
1916 1403 2016 1459 εἴδη
2046 1403 2278 1460 pluralem
2308 1405 2543 1452 testantur

369 1474 436 1517 ΣΙ
468 1473 578 1516 ante
610 1478 731 1529 93736
763 1474 813 1517 et
842 1473 952 1516 ante
984 1477 1087 1528 9392
1116 1477 1297 1529 Σ9373Ο
1329 1473 1475 1528 (Mel),
1535 1474 1709 1517 rectius
1746 1474 1958 1529 loquitur
1986 1478 2036 1519 Σ
2063 1479 2166 1530 9395
2197 1474 2345 1531 (Hel):
2378 1476 2435 1518 τὸ
2469 1477 2544 1531 ςή-

369 1558 513 1600 μερον
544 1546 620 1589 καὶ
651 1546 759 1600 χθές
791 1545 867 1588 καί
899 1545 1063 1599 αὔριον
1095 1545 1219 1588 εἶδος
1250 1546 1326 1588 καὶ
1359 1546 1501 1600 μέρος
1531 1544 1730 1590 ἐκείνων
1772 1549 1778 1600 Ι
2149 1547 2259 1589 ante
2290 1547 2350 1589 τὰ
2379 1550 2541 1601 καιροῦ

367 1615 534 1659 inserit
562 1618 639 1660 καὶ
669 1615 737 1660 Σι
769 1616 878 1658 ante
910 1619 1012 1670 9392
1066 1617 1072 1670 Ι
1555 1617 1760 1672 ςήμερον
1791 1617 1973 1673 αὔριον]
2003 1616 2137 1661 iuxta
2164 1618 2284 1661 haec
2313 1616 2405 1660 duo
2435 1618 2543 1672 χθές

368 1700 554 1743 quoque
584 1686 823 1744 profertur
843 1686 897 1730 ut
918 1690 1082 1741 καιροῦ
1104 1689 1456 1742 παραςτατικὸν
1477 1688 1525 1731 in
1557 1692 1607 1732 Σ
1625 1692 1746 1743 93733
1778 1686 1904 1743 (Hel)
1936 1693 2038 1744 9395
2070 1686 2319 1743 (eiusdem)
2350 1692 2473 1743 938„
2491 1715 2540 1744 33,

369 1771 570 1813 quorum
606 1757 819 1801 locorum
861 1770 917 1801 ex
963 1757 1166 1802 secundo
1216 1759 1398 1803 coicere
1443 1759 1592 1816 possis
1641 1758 1810 1814 legisse
1856 1759 1961 1813 χθές
2007 1758 2055 1802 in
2100 1771 2182 1802 suo
2228 1757 2343 1802 artis
2388 1771 2542 1803 exem-

367 1828 505 1889 plari⁸
523 1827 845 1873 scholiastam:
880 1829 1242 1875 «ὑποτακτὲον»
1273 1830 1380 1873 ἀντὶ
1411 1834 1496 1873 τοῦ
1521 1831 1572 1874 ἑν
1593 1830 1812 1885 ὑποτομῇ
1846 1830 2046 1877 θετέον.·
2084 1831 2172 1874 <<τὰ
2203 1833 2365 1885 καιροῦ
2396 1843 2543 1885 παρα-

369 1899 587 1944 ςτατικά>>
618 1899 833 1944 τουτέςτι
865 1900 925 1943 τὰ
956 1901 1210 1954 ὑποτομὴν
1242 1901 1416 1956 χρόνου
1449 1903 1702 1957 δηλοῦντα,
1736 1901 1814 1945 ἵνα
1845 1901 1904 1944 τὰ
1938 1901 2022 1954 μὲν
2052 1900 2154 1944 ἄνω
2186 1903 2214 1957 ῇ
2247 1900 2452 1956 χρονικά,
2482 1901 2541 1945 τὸ

367 1971 417 2014 δὲ
461 1971 664 2026 ςήμερον
710 1972 787 2014 καὶ
831 1971 937 2024 χθές
976 1972 1054 2014 καὶ
1099 1972 1264 2026 αὔριον
1315 1973 1440 2016 εἶδος
1481 1973 1557 2016 καὶ
1590 1973 1728 2027 μέρος
1760 1972 1973 2016 ἐκείνων.
2035 1971 2154 2015 item
2186 1973 2360 2017 13va
2383 1973 2452 2016 Ει
2481 1969 2542 2015 ad

367 2044 570 2096 ςήμερον
614 2043 781 2098 αὔριον
828 2041 1066 2085 adiciunt:
1110 2043 1219 2096 χθές
1266 2042 1291 2085 ὃ
1338 2045 1414 2086 καὶ
1461 2044 1593 2097 ἐχθές
1638 2043 1837 2096 λέγεται.
1902 2041 1974 2085 Ex
2016 2041 2176 2086 latinis
2221 2041 2542 2098 grammaticis

366 2112 547 2156 habent
584 2112 686 2157 heri
715 2113 971 2158 Palaemon
1008 2126 1083 2169 ap.
1125 2111 1302 2157 Charis.
1335 2114 1357 2156 I
1392 2117 1509 2170 18733
1549 2104 1851 2157 Cominianus
1892 2127 1966 2170 ap.
1986 2113 2202 2158 'eundem
2231 2113 2252 2156 I
2284 2118 2385 2169 1813
2415 2114 2541 2157 Ano-

366 2197 536 2239 nymus
567 2183 695 2239 apud
727 2183 932 2228 eundem
963 2183 985 2226 I
1020 2189 1135 2240 18113
1175 2183 1429 2228 Diomedes
1459 2185 1481 2228 I
1510 2189 1633 2240 40425
1672 2183 1925 2228 Dositheus
1963 2183 2054 2228 VII
2083 2189 2186 2241 4093
2217 2183 2444 2229 Sacerdos
2474 2184 2542 2229 VI

366 2259 486 2309 4421⁷
519 2254 823 2312 [Victorinus]
854 2254 920 2299 VI
951 2259 1070 2311 20133
1100 2254 1269 2298 Audax
1301 2255 1388 2298 VII
1421 2260 1523 2311 3483
1561 2256 1577 2311 ΙΙ
1938 2254 1968 2298 2
1996 2257 2157 2311 τόφρα
2187 2257 2311 2301 τέως
2342 2256 2537 2314 πηνίκα]

365 2325 483 2369 haec
513 2326 739 2370 adverbia
767 2327 875 2382 post
906 2327 1110 2382 ςήμερον
1153 2327 1317 2382 αὔριον
1349 2325 1577 2369 exhibent
1615 2326 1758 2370 etiam
1788 2326 1856 2370 Σ1
1887 2326 1995 2370 ante
2028 2331 2149 2382 93733
2171 2338 2206 2371 o
2231 2329 2328 2380 ΕΒ,
2359 2325 2410 2369 in
2440 2325 2540 2382 qui-

365 2396 452 2440 bus
483 2395 756 2440 erotematis
785 2397 1038 2452 praeterea
1077 2398 1241 2442 ἔπειτα
1281 2398 1530 2451 μετέπειτα
1569 2398 1636 2452 ἄψ
1674 2396 1980 2444 subiciuntur.
2039 2401 2210 2453 Σ9385
2242 2396 2450 2454 (Steph):
2480 2397 2541 2442 τὰ

367 2468 446 2510 ἐπὶ
490 2471 653 2523 καιροῦ
701 2468 817 2521 μετὰ
860 2472 947 2511 τοῦ
993 2469 1168 2524 χρόνον
1207 2470 1386 2524 δηλοῦν
1429 2470 1505 2512 καὶ
1541 2470 1606 2512 ὡς
1638 2470 1756 2523 πρός
1797 2483 1841 2512 τι
1872 2470 2083 2521 λέγεται·
2122 2469 2181 2512 τὸ
2212 2470 2301 2523 γὰρ
2335 2468 2540 2524 ςήμερον

365 2539 485 2593 πρὸς
516 2540 574 2582 τὸ
614 2539 800 2594 αὔριον,
844 2539 902 2582 τὸ
943 2539 993 2582 δὲ
1029 2540 1188 2595 τόφρα
1228 2540 1348 2594 πρὸς
1388 2540 1446 2583 τὸ
1487 2540 1626 2594 ὄφρα,
1688 2540 1739 2583 ἐν
1770 2541 1989 2596 ἀναφορᾷ
2027 2540 2077 2583 δὲ
2116 2541 2191 2583 καὶ
2229 2539 2542 2584 ἀνταποδόςει

365 2609 539 2663 χρόνον
570 2611 704 2665 δηλοῖ
733 2613 908 2653 ταῦτα·
944 2611 1026 2654 ὅτε
1057 2612 1193 2663 τότε,
1234 2610 1375 2665 ἡνίκα
1413 2611 1582 2666 τηνίκα
1620 2610 1799 2666 πηνίκα
1828 2610 2048 2664 ὁπηνίκα.
2107 2608 2162 2652 In
2192 2609 2386 2653 technes
2418 2609 2541 2666 glos·

365 2680 487 2723 sario
525 2683 561 2726 λ
598 2680 801 2737 legimus
844 2681 1062 2737 <<τόφραε
1095 2682 1214 2736 ἄχρι.
1267 2683 1408 2728 ἕως».
1471 2680 1716 2738 Syncellus
1746 2680 1812 2724 fol
1844 2685 1965 2728 202r:
1999 2681 2154 2725 ἰςτέον
2185 2681 2236 2724 δὲ
2266 2681 2339 2724 ὅτι
2370 2681 2422 2724 ἑν
2454 2681 2540 2734 μὲν

364 2756 463 2794 τοῖς
495 2752 668 2806 χρόνου
700 2754 980 2808 δηλωτικοῑς
1011 2753 1315 2808 ἑπιρρήμαςιν
1346 2754 1468 2798 ἔςτιν
1500 2753 1581 2797 ὅτε
1613 2752 1899 2807 ἀναφορικά-,
1939 2753 1996 2796 τὸ
2027 2755 2174 2807 τῆμος
2207 2753 2281 2795 καὶ
2311 2751 2370 2796 τὸ
2399 2753 2537 2797 τότε·

366 2822 417 2864 ἐν
448 2822 499 2866 δὲ
529 2826 628 2867 τοῖς
669 2827 832 2877 καιροῦ
873 2828 1234 2877 παραςτατικοῑς
1272 2825 1330 2867 τὸ
1370 2825 1528 2880 τόφρα
1565 2824 1690 2868 τέως
1728 2823 1898 2879 τηνίκα
1936 2824 2053 2878 ὅπερ
2093 2823 2212 2867 κατὰ
2244 2816 2538 2880 παραγωγὴν

364 2894 542 2946 γίνεται
563 2898 839 2949 τηνικαῦτα.
869 2919 923 2926 ——
955 2897 1029 2939 Ev
1051 2897 1099 2940 Ε
1110 2895 1128 2923 b
1151 2895 1221 2939 Ει
1249 2894 1367 2939 haec
1388 2894 1482 2938 tria
1511 2895 1698 2939 tantum
1729 2898 1892 2949 καιροῦ
1925 2897 2288 2950 παραςτατικῶν
2319 2893 2539 2950 exempla

364 2963 564 3008 habent:
598 2966 798 3021 ςήμερον
822 2967 983 3020 αὔριον
1006 2966 1136 3020 χθές,
1169 2965 1252 3010 sed.
1271 2968 1433 3021 τόφρα
1464 2966 1592 3021 ὄφρα
1621 2966 1745 3010 τέως
1777 2966 1869 3010 ἕως
1901 2964 2078 3021 πηνίκα
2106 2965 2246 3020 ἡνίκα
2277 2965 2344 3020 ἄψ
2375 2966 2540 3010 ἔπειτα

366 3036 617 3088 μετέπειτα
647 3036 701 3079 ut
730 3038 906 3091 χρόνου
939 3038 1176 3092 δηλωτικὰ
1206 3037 1454 3093 proferunt
1493 3037 1509 3092 ΙΙ
1852 3036 1902 3086 43
1934 3037 1994 3080 τὰ
2023 3037 2075 3080 δὲ
2105 3035 2383 3094 μεςότητος]
2417 3035 2538 3082 hanc

366 3105 560 3149 classem
580 3140 590 3159 ,
637 3106 694 3150 de
742 3108 873 3151 cuius
921 3108 1113 3151 nomine
1160 3107 1269 3152 vide
1314 3106 1519 3152 indicem
1538 3141 1548 3161 ‚
1600 3107 1740 3163 plane
1788 3107 2016 3151 omittunt
2051 3105 2349 3164 grammatici
2383 3106 2537 3154 latini

367 3178 643 3233 (ποιότητος
690 3177 928 3222 adverbiis
974 3192 1079 3223 eam
1125 3179 1369 3235 tamquam
1414 3179 1619 3236 speciem
1658 3177 1924 3236 adiungunt
1963 3177 2092 3221 Gaza
2131 3179 2180 3222 et
2209 3177 2442 3233 Lascaris;
2481 3179 2538 3222 ut

367 3246 509 3290 aliam
530 3248 900 3304 appellationem
923 3249 1255 3293 adverbiorum
1278 3249 1522 3306 qualitatis
1545 3249 1701 3293 adfert
1724 3249 1981 3305 μεςότητος
2002 3262 2175 3293 nomen
2197 3248 2471 3302 Chalcond.)
2525 3249 2532 3306 Ι

367 3319 523 3362 καλῶς
545 3317 726 3378 ςοφῶς]
747 3322 978 3375 δυνατῶς,
1011 3320 1137 3376 quod
1159 3320 1251 3363 duo
1274 3321 1388 3363 artis
1419 3320 1604 3364 codices
1623 3320 1733 3376 post
1763 3323 1924 3374 ςοφῶς
1955 3319 2148 3373 addunt,
2179 3318 2363 3364 habent
2391 3319 2535 3364 etiam

365 3391 454 3435 Eg.
515 3388 615 3433 sola
644 3393 800 3434 καλῶς
833 3396 992 3445 ςοφῶς
1024 3390 1250 3435 exhibent
1278 3391 1346 3435 Σ1
1367 3396 1486 3447 93913
1518 3391 1585 3435 Σ1
1625 3391 1733 3434 ante
1765 3395 1884 3446 93929
1925 3390 2024 3445 (ubi
2062 3391 2223 3434 tamen
2252 3390 2302 3433 in
2330 3404 2413 3448 mg
2443 3389 2536 3435 alia
2627 3403 2632 3409 ⁴

366 3473 532 3503 manus
553 3459 729 3504 adiecit
757 3462 910 3506 οὕτως
934 3465 1105 3517 καθὼς)
1135 3465 1211 3508 Ev
1231 3464 1281 3507 E
1290 3463 1308 3491 b
1326 3464 1375 3507 E
1383 3465 1406 3506 ῑ.
1466 3462 1520 3505 In
1543 3460 1875 3517 explanatione
1906 3461 2153 3516 proferunt
2183 3465 2233 3505 Σ
2251 3466 2372 3518 9393,
2403 3461 2534 3518 (Hel)

367 3631 640 3688 [annomzs
671 3633 888 3688 ΑΒΜΕΝΠ]
978 3633 1004 3677 1
1038 3634 1102 3677 ὡς
1135 3634 1263 3678 εἶδος
1294 3633 1592 3677 ὑποτακτέον
1621 3632 1680 3675 τὸ
1712 3636 1875 3687 καιροῦ
1909 3633 2258 3688 παραςτατικόν
2293 3632 2309 3688 ΙΙ
2415 3631 2532 3676 1-2

366 3703 471 3748 οἷον
521 3704 724 3758 ςήμερον
765 3728 816 3734 —-
857 3703 1050 3759 πηνίκα]
1096 3705 1302 3761 primum
1342 3704 1391 3748 et
1430 3703 1631 3748 alterum
1663 3702 1933 3758 exemplum
1964 3703 2307 3759 interpretatur
2337 3702 2532 3761 singulis
2571 3763 2573 3766 Α
2652 3716 2656 3720 ·

366 3774 581 3826 vocibus;
603 3787 689 3830 pro
710 3774 869 3829 τόφρα
892 3774 941 3816 et
959 3774 1079 3818 τέως
1101 3788 1180 3818 sex
1202 3774 1430 3820 adverbia
1449 3773 1717 3819 armeniaca
1738 3773 1928 3817 exhibet
1950 3774 2161 3818 eiusdem
2181 3773 2279 3818 fere
2300 3772 2531 3830 significa·

365 3846 530 3899 tionis3
564 3845 739 3901 πηνίκα
769 3843 995 3888 adverbio
1025 3844 1143 3887 nihil
1175 3848 1245 3890 est
1276 3846 1403 3902 quod
1433 3844 1718 3901 respondeat
1746 3845 1794 3887 in
1816 3844 2029 3890 versione
2067 3846 2084 3901 u
2125 3835 2127 3838 Α
2204 3844 2234 3889 3
2267 3844 2530 3899 μεςότητοε
2588 3902 2594 3908 .

367 3915 574 3959 reddidit
628 3918 634 3971 Ι
840 3915 943 3960 οἷον
975 3918 1130 3960 καλῶς
1162 3917 1340 3973 ςοφῶς]
1362 3917 1582 3973 Δαιιίιιομιο
1616 3916 1835 3971 exempla
1864 3916 2058 3971 profert,
2089 3928 2210 3971 quae
2243 3912 2529 3972 significant:
2768 3916 2808 3965 ξέ

361 3986 524 4040 pulcre
555 3986 771 4044 (καλῶς),
807 3987 997 4044 proprie
1027 3986 1174 4041 (ἰδίως
1187 3988 1250 4043 P),
1289 3987 1474 4031 omnino
1505 3986 1765 4042 (πάντως),
1799 3986 2012 4030 universe
2042 3987 2235 4042 (ὅλως),
2277 3984 2535 4029 omnimodo
2770 3975 2795 4003 ’χ

370 4056 626 4110 (παντοίως
644 4061 708 4112 P).

1524 4180 1555 4221 s
