2808 4394
532 1499 632 1543 Hoc
678 1499 831 1544 indice
870 1513 1029 1544 omnes
1069 1500 1276 1543 omnium
1317 1512 1482 1543 vocum
1524 1511 1642 1553 quas
1673 1498 1921 1556 Dionysius
1960 1500 2008 1543 et
2044 1500 2258 1544 auctores
2289 1500 2583 1558 supplemen-
2629 1500 2636 1507 ⁴

419 1573 573 1615 torum
612 1584 898 1627 usurpavere
938 1570 1028 1615 loci
1066 1571 1358 1625 indicantur,
1404 1570 1493 1613 nisi
1532 1570 1657 1625 quod
1702 1583 1794 1613 non
1840 1570 2109 1614 enumeravi
2155 1562 2315 1614 omnes
2353 1585 2455 1626 eos,
2500 1572 2585 1617 ubi

418 1642 642 1686 articulus
671 1641 1016 1699 praepositivus
1045 1641 1302 1696 invenitur,
1342 1641 1392 1685 et
1421 1640 1547 1696 quod
1576 1641 1623 1684 in
1655 1639 1989 1698 supplementis
2019 1637 2205 1685 omnino
2235 1641 2424 1698 neglexi
2450 1632 2584 1687 usnm

418 1728 508 1759 non
541 1713 774 1757 nullarum
805 1713 971 1757 frocum
1003 1712 1375 1769 tritissimarum,
1410 1712 1539 1757 velut
1568 1713 1619 1756 δέ
1650 1711 1725 1755 καί
1758 1713 1842 1766 μέν
1874 1711 2265 1757 coniunctionum.

532 1787 561 1837 †
603 1784 803 1830 Crucem,
839 1782 1001 1827 addidi
1039 1784 1105 1827 eis
1142 1784 1385 1828 vocabulis
1425 1784 1508 1827 aut
1545 1783 1755 1826 locorum
1786 1797 1948 1828 eorum
1989 1782 2220 1838 numeris,
2260 1785 2430 1840 quibus
2458 1784 2585 1830 idem

424 1856 609 1911 signum
640 1856 689 1897 in
721 1855 941 1898 contextu
971 1855 1221 1899 verborum
1251 1853 1645 1911 Dionysianorum
1675 1868 1704 1899 a
1733 1868 1808 1899 me
1838 1854 2075 1899 adiectum
2107 1855 2191 1898 est.

535 1928 561 1954 ’¹‘
591 1927 879 1971 Asteriscum
909 1924 1132 1981 praemisi
1164 1925 1230 1970 eis
1261 1939 1382 1980 quae
1414 1939 1472 1970 ex
1493 1925 1832 1983 supplementis
1853 1925 2070 1981 vetustis,
2102 1938 2195 1970 non
2217 1939 2274 1971 ex
2293 1927 2396 1982 ipsa
2416 1926 2586 1972 techne

419 1998 571 2056 petita
601 1999 724 2044 sunt.

535 2069 753 2113 Ceterum
795 2068 938 2112 etiam
977 2082 1034 2113 ea
1072 2067 1304 2113 vocabula
1339 2067 1388 2111 in
1418 2067 1620 2112 indicem
1662 2069 1842 2125 recepi,
1883 2081 2003 2124 quae
2041 2081 2135 2112 non
2172 2068 2472 2112 inveniuntur
2499 2068 2589 2113 nisi

423 2141 471 2184 in
505 2139 816 2184 deterioribus
839 2139 1078 2184 codicibus
1100 2145 1181 2185 aut
1201 2140 1250 2183 in
1273 2138 1569 2193 editionibus,
1602 2164 1654 2170 ——
1677 2152 1826 2195 eaque
1849 2152 1969 2194 quae
1999 2139 2048 2182 in
2070 2140 2168 2183 arte
2192 2139 2589 2196 supplementisve

425 2211 537 2256 olim
566 2211 694 2255 lecta
725 2224 822 2255 esse
856 2224 914 2255 ex
945 2211 1154 2266 scholiis,
1187 2210 1481 2264 erotematis,
1513 2209 1983 2266 interpretationibus
2014 2211 2234 2265 vetustis,
2265 2210 2367 2254 aliis
2396 2210 2588 2267 scripto-

426 2280 706 2327 ribus'coici
738 2281 872 2336 licet,
920 2308 968 2314 —
1011 2282 1214 2338 denique
1254 2281 1437 2337 aliquot
1473 2294 1560 2325 nec
1597 2294 1720 2324 nunc
1749 2294 1836 2325 nec
1866 2281 1978 2324 olim
2007 2281 2057 2324 in
2086 2281 2254 2326 techne
2286 2282 2370 2326 aut
2398 2281 2586 2340 supple-

425 2354 596 2398 mentis
643 2353 962 2408 occurrentia,
1009 2367 1208 2409 quorum
1252 2367 1363 2397 usus
1409 2352 1635 2408 exemplis
1679 2351 1938 2396 illustratur
1982 2353 2065 2397 aut
2112 2353 2323 2409 tangitu'r
2371 2353 2498 2398 certe
2541 2353 2590 2397 in

424 2412 729 2469 adnotatione
761 2437 882 2470 mea.

537 2495 897 2552 Dionysiana
933 2494 1166 2540 vocabula
1203 2495 1362 2539 curavi
1401 2496 1454 2538 ut
1498 2495 1558 2539 ab
1595 2494 1762 2539 ceteris
1798 2494 2197 2551 distinguerentur
2231 2493 2400 2540 litteris
2437 2508 2590 2540 cras-

426 2567 696 2614 sioribus.

541 2637 819 2681 Notaticnes
859 2651 915 2682 ex
947 2638 1153 2681 numeris
1191 2637 1394 2682 romanis
1424 2638 1473 2682 et
1502 2636 1702 2681 arabicis
1734 2635 2020 2693 compositae
2052 2636 2112 2681 ad
2142 2631 2486 2694 prolegomena,
2509 2623 2593 2682 aut

426 2708 645 2753 addenda
673 2708 948 2753 referendae
979 2710 1100 2753 sunt.
