2808 4394
980 278 1226 336 ΜᾸΛΛοΝ
1253 316 1299 323 -
1325 274 1603 337 ΜεςότΗς

266 420 401 465 erant
437 420 519 475 qui
548 419 798 464 haberent:
839 417 899 461 ad
930 418 959 461 l.
988 417 1020 465 l.
1053 442 1104 449 —
1137 432 1265 460 usur-

264 491 405 548 patur
438 495 502 544 12,
536 496 562 534 3

210 560 462 621 μάχαιρα
499 559 762 617 exemplum
794 559 1034 603 nominum
1063 571 1262 615 synony-

270 644 451 674 morum
483 636 551 681 36,
584 636 609 672 6

211 701 582 759 Μεγαπένθης
604 699 870 757 exemplum
890 699 1129 743 nominum
1151 698 1263 755 phe-

266 784 567 827 ronymorum
599 777 665 823 37,
700 776 719 814 1

213 843 370 896 μέγας.
403 848 444 886 Ui
475 843 592 897 μέγα
620 841 668 885 in
699 840 1007 886 deterioribus
1029 839 1266 884 codicibus

266 910 307 966 9,
336 917 377 956 2.
413 918 478 967 10,
510 918 531 956 1

210 981 475 1040 μέγιστος
520 982 785 1038 exemplum
828 981 1066 1025 nominum
1105 994 1267 1038 super-

267 1054 512 1098 lativorum
540 1054 588 1096 in
617 1059 701 1097 W
731 1051 1042 1096 desinentium
1072 1056 1143 1107 28,
1175 1056 1202 1095 5

211 1122 619 1186 μειρακύλλιον
649 1122 916 1180 exemplum
937 1122 1176 1167 nominum
1197 1120 1265 1164 di-

266 1196 597 1240 minutivorum
627 1200 696 1249 28,
726 1199 749 1239 7

211 1268 448 1324 μείωσιν
476 1265 709 1322 significat
737 1278 906 1309 nomen
936 1263 1267 1307 diminutivum

266 1342 336 1390 28,
367 1342 393 1381 6

211 1408 343 1464 μέλι
382 1406 650 1464 exemplum
680 1404 921 1450 nominum
950 1403 1159 1466 neutrius
1188 1417 1268 1461 ge-

267 1478 391 1523 neris
420 1477 467 1521 in
497 1479 515 1521 ῐ
545 1475 856 1523 desinentium
891 1480 960 1528 16,
989 1480 1016 1518 2

213 1548 441 1607 μέλλων
470 1549 639 1604 χρόνος
668 1547 882 1600 futurum
910 1546 1146 1591 verborum
1165 1550 1270 1590 tem-

262 1634 356 1677 pus
389 1625 455 1674 14,
484 1625 525 1664 8.
566 1623 635 1673 53,
670 1625 690 1662 1
724 1620 773 1662 et
801 1624 839 1662 4.
891 1618 1192 1673 *μέλλοντος
1223 1614 1271 1659 α’

271 1693 355 1735 aut
384 1687 430 1745 β’
472 1694 552 1733 126
582 1690 603 1732 Ι
635 1694 689 1733 24
719 1690 768 1733 et
795 1693 865 1733 34.
919 1693 999 1732 127
1030 1687 1050 1730 Ι
1085 1694 1103 1730 1
1139 1689 1187 1731 et
1218 1692 1270 1731 13

271 1765 319 1806 et
347 1767 416 1806 24.
465 1760 507 1804 II
540 1765 578 1804 1.
628 1759 765 1806 1115.
807 1763 847 1802 7.
888 1763 956 1803 26.
998 1762 1067 1804 28.
1102 1763 1168 1802 30.
1202 1761 1269 1801 32.

272 1837 351 1877 128
382 1833 402 1875 I
433 1837 502 1876 33.
531 1831 576 1874 II
599 1836 620 1873 1
654 1830 702 1874 et
730 1835 797 1875 33.
830 1828 955 1875 1112.
988 1834 1055 1872 11.
1088 1833 1155 1872 22.
1190 1831 1271 1870 129

267 1903 288 1946 Ῑ
318 1908 386 1947 43.
425 1902 467 1945 II
500 1907 537 1945 1.
577 1900 644 1944 ῙΙῙ
674 1905 742 1944 22.
775 1905 842 1947 33.
873 1905 942 1943 44.
990 1904 1070 1943 130
1099 1898 1120 1941 I
1154 1904 1190 1942 1.
1230 1897 1272 1952 Π

270 1978 335 2020 12.
367 1977 436 2017 23.
475 1972 541 2015 Ill
574 1977 640 2016 11.
674 1975 742 2015 22.
773 1975 840 2015 33.
888 1975 963 2014 131
1002 1970 1023 2013 I
1054 1975 1094 2013 2.
1143 1969 1187 2013 Π
1217 1976 1273 2015 30

268 2045 317 2089 et
355 2049 422 2088 39.
476 2047 557 2087 132
596 2041 642 2085 ΙΙ
682 2047 703 2085 1
747 2044 796 2085 et
837 2047 902 2085 11.
955 2040 1023 2084 III
1064 2046 1083 2084 1
1126 2042 1174 2085 et
1206 2046 1272 2084 11.

269 2115 421 2170 *μετ’
457 2113 618 2166 ὀλίγον
657 2113 911 2167 μέλλοντος
941 2116 1028 2156 τοῦ
1061 2115 1136 2156 καὶ
1170 2113 1271 2156 Ἀτ-

268 2191 400 2232 τικοῦ
433 2188 513 2228 127
544 2184 586 2228 Π
620 2188 684 2230 12.
719 2187 798 2228 128
829 2183 909 2227 11.
943 2188 1024 2228 130
1045 2183 1066 2226 Ι
1091 2188 1154 2227 12.
1188 2187 1267 2228 131

269 2258 289 2301 Ι
322 2263 389 2302 14.
422 2261 502 2301 132
533 2254 602 2298 III
631 2259 684 2298 21

214 2329 456 2386 Μέμνων
488 2325 755 2383 exemplum
793 2323 994 2369 nominis
1026 2337 1117 2368 non
1148 2337 1269 2367 com-

270 2398 411 2456 positi
441 2403 510 2450 29,
542 2402 568 2442 6

214 2473 320 2530 μέν
348 2472 396 2514 in
426 2481 619 2513 numero
642 2466 1019 2512 coniunctionum
1042 2466 1268 2522 copulati-

228 2549 234 2551 *
271 2556 436 2587 varum
481 2539 682 2584 refertur
719 2543 788 2592 89,
826 2544 845 2581 1
895 2538 973 2594 (ab
1021 2537 1272 2582 scholiasta

270 2614 414 2659 etiam
444 2609 692 2668 expletivis
723 2608 1029 2654 adscribitur:
1060 2608 1122 2652 ad
1152 2613 1222 2662 97,
1248 2614 1268 2651 1

271 2710 324 2718 -
346 2688 440 2738 100,
472 2689 493 2725 1
533 2682 582 2725 in
612 2680 769 2724 media
796 2695 827 2736 p
858 2681 945 2734 97).
979 2704 1029 2710 -
1064 2678 1271 2736 Vsurpa-

268 2757 347 2800 tur
375 2761 416 2809 6,
449 2758 473 2798 7
504 2754 554 2797 et
581 2757 622 2796 8.
654 2752 737 2808 †7,
768 2756 808 2798 4.
842 2755 883 2805 8,
918 2755 953 2797 1.
987 2754 1198 2805 9,7.10,
1232 2754 1269 2794 1.

274 2833 342 2881 11,
373 2831 399 2870 2
431 2827 479 2869 et
509 2829 549 2868 5.
585 2829 650 2879 12,
684 2828 724 2867 5.
759 2827 825 2875 13,
862 2827 877 2864 1
915 2821 964 2865 et
994 2825 1020 2862 2
1050 2821 1099 2864 et
1129 2825 1168 2864 4.
1208 2825 1273 2874 14,

272 2902 301 2941 4
331 2897 380 2942 et
409 2901 448 2941 5.
490 2899 556 2948 17,
586 2898 613 2936 4
643 2894 692 2937 et
721 2898 760 2939 5.
807 2897 874 2946 21,
909 2897 950 2935 2.
997 2895 1068 2946 24,
1098 2895 1126 2934 4
1156 2893 1205 2935 et
1233 2895 1274 2934 5.

271 2973 341 3021 25,
376 2972 413 3012 1.
454 2971 522 3019 26,
559 2970 598 3009 1.
641 2967 709 3018 29,
739 2967 779 3006 6.
818 2967 887 3016 30,
918 2969 956 3006 5.
998 2968 1066 3016 31,
1097 2967 1123 3006 3
1155 2965 1203 3005 et
1232 2966 1271 3005 6.

272 3044 341 3093 34,
374 3043 413 3082 5.
452 3041 522 3090 36,
551 3041 592 3080 2.
633 3039 702 3090 46,
735 3039 775 3078 2.
813 3037 884 3088 48,
920 3039 955 3077 1.
1002 3038 1070 3086 50,
1104 3038 1121 3075 1
1157 3033 1206 3076 ef,
1234 3038 1274 3078 3.

273 3115 342 3162 51,
374 3114 399 3153 2
431 3107 480 3152 et
509 3112 548 3150 4.
589 3112 657 3160 54,
691 3111 711 3148 1
734 3105 821 3149 bis.
855 3110 921 3154 57,
955 3110 993 3148 5.
1033 3108 1102 3157 59,
1132 3108 1171 3147 4.
1204 3108 1272 3156 61,

273 3187 315 3228 3.
355 3185 424 3233 62,
457 3186 496 3223 3.
541 3181 610 3232 65,
645 3182 664 3220 1
698 3178 749 3220 et
776 3175 901 3219 2bis.
947 3179 1017 3230 66,
1047 3180 1087 3221 3.
1132 3178 1202 3229 67,
1233 3178 1274 3218 3.

274 3256 343 3306 68,
376 3257 413 3295 1.
456 3254 523 3303 69,
557 3255 577 3292 1
612 3251 660 3292 et
690 3253 728 3291 5.
769 3252 837 3300 71,
873 3251 908 3291 1.
950 3251 1020 3301 73,
1055 3250 1091 3288 1.
1131 3250 1200 3298 90,
1238 3250 1274 3288 1.

274 3328 343 3373 91,
375 3327 413 3369 2.
445 3346 499 3353 —
532 3321 616 3374 μὲν
647 3319 732 3363 οὖν
764 3322 832 3372 24,
856 3322 896 3364 8.
928 3321 997 3370 25,
1020 3321 1045 3360 3
1068 3316 1116 3361 et
1132 3320 1172 3360 8.
1203 3321 1274 3369 33,

274 3398 314 3439 6.
359 3397 429 3447 47,
459 3397 499 3436 3.
546 3394 616 3443 62,
649 3395 687 3434 2.
728 3394 796 3444 88,
827 3389 868 3433 ’3.
906 3413 960 3419 -
998 3389 1026 3432 ὁ
1058 3387 1140 3442 μέν
1170 3385 1275 3431 vide

275 3465 360 3508 sub
390 3465 417 3508 ὁ

219 3534 393 3596 μέρος
437 3535 580 3587 λόγου
620 3532 703 3576 aut
738 3535 825 3576 τοῦ
865 3532 1010 3584 λόγου
1051 3528 1276 3573 orationis

269 3619 385 3662 pars
414 3609 484 3658 21,
507 3610 548 3648 4.
579 3608 648 3659 22,
680 3608 720 3646 4.
753 3607 820 3656 23,
857 3608 892 3650 1.
924 3602 1036 3659 †24,
1061 3605 1100 3643 1.
1134 3604 1203 3654 24,
1235 3604 1274 3644 3.

277 3683 346 3732 61,
368 3682 412 3725 2.
434 3681 502 3730 70,
523 3680 562 3719 2.
585 3679 653 3728 72,
676 3679 715 3718 4.
745 3679 879 3730 *122,
903 3677 942 3717 3.
965 3678 1003 3716 6.
1023 3677 1063 3717 8.
1091 3676 1184 3726 123,
1210 3675 1274 3715 10.

281 3753 376 3802 124,
406 3753 445 3792 3.
476 3751 516 3790 5.
557 3746 625 3789 cfr
652 3747 793 3799 λόγος
824 3745 873 3791 et
902 3745 1037 3790 λέξις.
1074 3770 1119 3775 -
1157 3743 1272 3798 μέρη

276 3820 595 3875 γραμματικῆς
627 3820 665 3869 5,
688 3820 731 3862 4.
765 3840 816 3846 -
851 3815 988 3870 μέρος
1010 3814 1275 3869 ποιήματος

277 3894 318 3944 8,
348 3893 376 3933 4

224 3959 415 4017 μέσος.
447 3959 559 4014 μὲςη
592 3956 772 4012 ςτιγμή,
803 3955 1040 4001 distinctio
1060 3955 1213 4000 media
1235 3958 1273 4006 7,

279 4036 307 4075 4
327 4031 376 4075 et
396 4035 434 4075 5.
474 4030 587 4084 μέςα
616 4028 864 4084 γράμματα
893 4026 1073 4071 litterae
1101 4025 1279 4070 mediae

285 4106 351 4152 12,
381 4107 421 4145 5.
454 4107 519 4155 13,
553 4105 676 4144 1—3.
712 4124 763 4130 —
794 4098 972 4152 *μέςου
1002 4096 1279 4152 παρακειμέ-

2263 294 2359 346 157

1366 431 1452 462 νου
1483 416 1541 460 de
1564 430 1619 460 eo
1640 418 1847 473 perfecto
1868 419 2052 473 generis
2073 418 2216 463 activi
2237 419 2364 475 quod

1365 499 1448 531 nos
1479 486 1677 530 dicimus
1708 488 1957 531 secundum
1995 494 2074 533 125
2103 488 2148 532 11
2182 493 2245 533 19.
2280 494 2361 549 127

1364 557 1407 600 II
1438 562 1506 605 31.
1570 562 1648 603 128
1681 557 1699 600 I
1731 563 1784 601 24
1854 564 1932 603 129
1966 559 1983 601 Ι
2019 565 2080 604 12.
2143 559 2294 604 13011
2328 565 2364 604 1.

1368 633 1444 672 131
1485 627 1527 671 II
1563 632 1598 670 1.
1665 629 1838 681 *μέςου
1876 630 2270 683 ὑπερςυντελίκου
2308 630 2366 673 de

1366 710 1421 742 eo
1471 696 1932 753 plusquamperfecto
1992 700 2174 756 generis
2223 700 2366 743 activi

1366 767 1494 822 quod
1515 779 1598 811 nos
1620 760 1878 812 secundum
1894 768 2089 813 dicimus
2118 775 2193 813 125
2215 769 2277 813 ΙΙΙ
2299 775 2364 817 19.

1369 843 1447 882 127
1480 838 1522 881 ΙΙ
1554 843 1622 882 32.
1667 843 1745 882 128
1775 838 1796 880 Ι
1827 843 1894 883 25.
1946 845 2022 884 129
2055 839 2072 881 Ι
2110 845 2171 884 13.
2214 846 2294 885 130
2322 842 2365 885 II

1367 915 1407 952 2.
1457 913 1533 952 131
1577 909 1622 951 II
1661 914 1702 952 2.
1762 909 1940 963 *μέςου
1981 910 2198 965 ἀορίςτου
2234 908 2282 955 α’
2320 917 2368 955 et

1367 974 1414 1032 β’
1460 978 1518 1022 de
1556 978 1741 1023 aoristis
1779 979 1799 1022 Ι
1838 981 1888 1023 et
1924 980 1968 1023 II
2005 982 2187 1036 generis
2225 982 2367 1027 medii

1372 1053 1450 1093 126
1480 1048 1542 1092 lII
1578 1054 1623 1093 11
1659 1052 1707 1094 et
1736 1054 1804 1093 34.
1841 1054 1918 1094 127
1947 1050 2013 1094 III
2048 1057 2098 1096 18
2120 1055 2168 1096 et
2184 1058 2252 1096 24.
2291 1058 2368 1097 128

1369 1119 1434 1163 III
1468 1126 1489 1163 1
1522 1121 1570 1164 et
1599 1125 1667 1164 21.
1702 1126 1781 1165 129
1811 1121 1854 1165 II
1883 1127 1951 1167 43.
1984 1121 2048 1165 III
2085 1128 2146 1168 11.
2192 1129 2268 1166 130
2299 1123 2368 1167 ΙΙΙ

1367 1195 1434 1238 21.
1468 1195 1543 1235 131
1578 1191 1598 1234 I
1632 1196 1668 1234 1.
1700 1190 1765 1234 111
1797 1196 1864 1238 34.
1900 1197 1979 1236 132
2009 1192 2030 1236 I
2063 1198 2131 1238 11.
2194 1195 2369 1247 ’μέςου

1369 1262 1625 1315 μέλλοντος
1662 1256 1713 1305 α’
1755 1262 1804 1306 et
1834 1259 1884 1316 β’
1914 1262 1972 1307 de
2001 1263 2168 1307 futuris
2199 1264 2218 1305 Ι
2250 1267 2298 1308 et
2328 1265 2369 1308 ΙΙ

1367 1333 1550 1389 generis
1590 1333 1734 1376 medii
1776 1337 1854 1377 127
1885 1333 1905 1375 Ι
1939 1339 2003 1378 13.
2053 1332 2099 1377 ΙΙ
2132 1339 2168 1381 1.
2219 1334 2284 1377 Ill
2316 1340 2369 1378 28

1371 1404 1420 1446 et
1444 1409 1512 1447 32.
1549 1409 1628 1449 128
1658 1402 1725 1446 III
1757 1408 1780 1446 2
1813 1405 1861 1447 et
1881 1409 1949 1448 22.
1983 1409 2063 1448 129
2093 1404 2159 1448 III
2189 1410 2256 1449 33.
2290 1409 2371 1449 130

1370 1476 1392 1519 Ι
1424 1480 1461 1519 1.
1494 1475 1561 1519 111
1591 1479 1660 1518 22.
1695 1478 1770 1517 131
1804 1474 1824 1517 I
1855 1479 1893 1519 2.
1927 1480 2006 1518 132
2038 1475 2081 1519 II
2116 1481 2179 1519 11.
2211 1476 2369 1521 11111.

1371 1547 1484 1602 μέςη
1514 1546 1726 1599 διάθεςις,
1759 1544 1867 1589 vide
1898 1548 2098 1602 μεςότης

1314 1613 1559 1674 μεσότης
1612 1618 1651 1672 1)
1695 1615 1897 1659 medium
1944 1617 2180 1662 verborum
2230 1631 2372 1675 yemcs

1370 1691 1440 1741 48,
1472 1692 1508 1730 1.
1557 1691 1628 1741 49,
1671 1693 1707 1731 1.
1782 1686 1945 1730 eodem
1994 1689 2180 1733 nomine
2229 1690 2371 1734 etiam

1371 1756 1646 1814 Apollonius
1705 1756 1933 1814 Dyscolus
1998 1760 2371 1815 posterioresque

1370 1827 1574 1871 technici
1610 1828 1885 1880 utebantur,
1932 1829 2013 1872 sed
2050 1832 2239 1886 praeter
2283 1831 2373 1875 hoc

1373 1898 1499 1955 apud
1543 1898 1647 1941 illos
1693 1899 1895 1943 occurrit
1939 1901 2076 1955 μέςης
2122 1903 2371 1947 διαθέςεως

1371 1981 1565 2013 nomen:
1617 1969 1678 2013 ad
1721 1974 1798 2023 48,
1835 1976 1870 2013 1.
1931 1971 2073 2026 (quod
2122 1973 2370 2020 Armenius

1374 2042 1574 2094 utroque
1619 2039 1830 2096 Dionysii
1878 2040 1980 2085 loco
2030 2055 2123 2086 non
2173 2045 2373 2099 μεςότης

1372 2109 1455 2154 sed
1507 2111 1619 2167 μέςη
1669 2111 2031 2167 interpretatur,
2082 2112 2269 2158 videtur
2317 2127 2374 2158 ex

1373 2180 1547 2225 scholio
1578 2194 1749 2238 graeco
1770 2182 1897 2237 quod
1918 2184 2028 2228 ante
2051 2183 2211 2229 oculos
2230 2185 2373 2229 inter-

1371 2265 1479 2307 pres
1530 2251 1741 2297 habebat
1784 2253 2092 2309 repetendum
2137 2256 2271 2313 esse.)
2321 2282 2373 2289 —

1375 2324 1420 2375 2)
1443 2324 1699 2379 μεςότητος
1730 2324 2025 2380 ἐπιρρήματα
2045 2327 2266 2372 adverbia
2287 2340 2374 2373 me-

1370 2394 1575 2450 dietatis,
1606 2394 1783 2439 mediae
1810 2397 1989 2452 speciei.
2034 2398 2090 2442 de
2122 2413 2264 2444 causa
2294 2414 2374 2458 ap-

1370 2464 1639 2521 pellationis
1682 2466 1842 2522 inepte
1881 2467 2122 2524 disputant
2160 2471 2373 2527 plerique

1372 2536 1741 2595 scholiastarum.
1777 2537 2037 2596 Melampus
2057 2540 2103 2583 in
2129 2542 2229 2589 cod.
2251 2542 2372 2587 Hav-

1371 2606 1523 2651 niensi
1561 2606 1685 2662 apud
1717 2606 1998 2663 Hilgardum
2035 2625 2067 2666 p
2102 2616 2151 2655 17
2185 2612 2290 2656 adn.
2324 2618 2373 2656 2:

1372 2679 1432 2722 τὰ
1461 2679 1512 2722 δὲ
1544 2679 1811 2734 μεςότητος.
1837 2680 2133 2736 ἐπιρρήματα
2164 2684 2250 2727 οὐκ
2280 2685 2375 2728 ἀπὸ

1373 2749 1558 2793 ἑννοίας
1578 2749 1709 2793 τινὸς
1731 2750 2019 2804 ὠνόμαςται·
2042 2754 2262 2799 πλείςτας
2283 2757 2372 2810 γὰρ

1374 2820 1605 2875 διαφορὰς
1648 2821 1740 2874 ἔχει
1781 2821 1995 2866 ἐννοιῶν.
2062 2824 2174 2868 ἀλλ’
2212 2826 2373 2881 ἐπειδὴ

1373 2890 1554 2943 γίνεται
1584 2891 1679 2934 ἀπὸ
1709 2895 1795 2947 τῆς
1824 2896 2013 2948 γενικῆς
2042 2899 2142 2938 τῶν
2171 2899 2375 2951 πληθυν-

1375 2965 1522 3004 τικῶν
1551 2964 1638 3016 τῆς
1670 2962 1810 3018 μέςης
1841 2964 1981 3018 οὔςης
2010 2968 2114 3008 τῶν
2134 2971 2280 3021 τριῶν
2300 2981 2374 3022 γε·

1376 3034 1493 3086 νῶν,
1531 3035 1618 3076 τοῦ
1657 3035 1688 3075 V
1726 3033 1872 3085 μόνου
1911 3034 1977 3079 εἰς
2004 3039 2035 3079 ἴ
2063 3039 2374 3093 τρεπομένου,

1377 3102 1452 3145 διὰ
1495 3106 1642 3147 τοῦτο
1686 3105 1895 3148 καλεῖται
1941 3107 2219 3163 μεςότητος,
2271 3109 2377 3154 οἷον

1374 3176 1476 3216 τῶν
1517 3175 1694 3217 καλῶν·
1739 3175 1859 3230 αὕτη
1899 3179 2058 3231 γενικὴ
2104 3179 2216 3223 οὖςα
2262 3183 2377 3236 πλη-

1375 3246 1572 3299 θυντικὴ
1604 3245 1713 3300 μέςη
1747 3245 1856 3300 ἐςτί,
1888 3248 2099 3292 τουτέςτι
2130 3253 2265 3305 κοινὴ
2298 3251 2376 3307 ἀρ-

1377 3318 1558 3359 ςενικοῦ
1591 3316 1666 3359 καὶ
1697 3319 1903 3372 θηλυκοῦ
1935 3320 2011 3362 καί
2032 3320 2301 3376 οὐδετέρου,
2332 3323 2376 3367 οἱ

1377 3386 1510 3429 καλοὶ
1530 3389 1632 3429 τῶν
1654 3389 1827 3442 καλῶν,
1853 3389 1901 3432 αἱ
1922 3391 2059 3434 καλαὶ
2079 3394 2181 3435 τῶν
2202 3395 2375 3444 καλῶν,

1376 3457 1436 3500 τὰ
1476 3457 1594 3500 καλοὶ
1630 3460 1732 3500 τῶν
1772 3461 1956 3503 καλῶν·
1994 3462 2258 3516 τραπέντος
2290 3464 2376 3507 οὖν

1384 3531 1470 3572 τοῦ
1507 3531 1537 3570 V
1569 3527 1638 3586 ,εἰς
1666 3529 1716 3583 ἴ,
1759 3530 1823 3575 ὡς
1863 3531 2066 3587 ἔφαμεν,
2104 3534 2282 3587 γίνεται
2317 3535 2375 3578 τὸ

1375 3599 1604 3655 ἐπίρρημα
1624 3602 1798 3644 καλῶς·
1821 3605 1985 3657 ςοφῶν
2006 3607 2164 3658 ςοφῶς
2185 3605 2375 3658 ὁμοίως.

1376 3669 1639 3726 Stephanus
1678 3675 1726 3715 Σ
1760 3676 1900 3729 93929:
1947 3675 2204 3730 μεςότητος
2249 3676 2376 3729 λέγε·

1375 3754 1466 3791 ται,
1500 3741 1603 3784 ἐπεὶ
1634 3742 1745 3795 μέςα
1775 3743 1902 3787 έςτὶν
1926 3745 2182 3800 ἀρςενικῶν
2203 3748 2277 3789 καί
2299 3749 2376 3802 θη-

1377 3814 1538 3855 λυκῶν
1578 3814 1654 3856 καὶ
1693 3814 1961 3870 οὐδετέρων
2000 3817 2029 3870 ἢ
2069 3818 2145 3860 καὶ
2182 3820 2286 3861 τῶν
2317 3819 2375 3872 (?)

1377 3883 1463 3926 δύο
1493 3886 1662 3936 γενῶν,
1694 3884 1797 3928 οἷον
1828 3885 1963 3930 καλοί
1993 3886 2129 3931 καλαί
2160 3888 2279 3931 καλά
2300 3901 2377 3931 κα-

1378 3955 1478 3996 λῶν
1518 3956 1695 3998 καλῶς·
1735 3956 1890 3999 πάντα
1928 3957 1979 4000 δὲ
2018 3957 2281 4012 παράγωγα
2317 3961 2376 4003 τὰ

1381 4023 1445 4068 εἰς
1482 4028 1554 4069 Hs?
1590 4026 1716 4079 πλὴν
1755 4030 1841 4070 τοῦ
1881 4027 1993 4079 ἕως,
2031 4028 2175 4073 τέως·
2220 4029 2376 4074 πάντα

1380 4095 1476 4139 ἀπὸ
1520 4100 1724 4149 γενικῶν
1769 4099 1896 4152 πλὴν
1941 4102 2028 4142 τοῦ
2074 4100 2251 4153 οὕτως,
2298 4102 2375 4146 ὥς.
