2808 4394
1112 249 1315 312 ἈΦῐΗςι
1352 292 1388 297 -
1417 249 1520 311 ΓᾸΡ
2285 270 2378 319 141

237 393 396 449 ἀφίηςι
424 393 611 437 τελείαν
640 395 811 449 φωνὴν
832 393 924 448 ἀφ’
945 393 1130 436 ἑαυτῶν
1149 391 1289 435 inter·
1389 392 1633 448 (ἄφωνον)
1666 393 1714 436 et
1746 398 1821 449 12,
1854 398 1879 436 2
1911 394 1959 437 et
1987 399 2012 437 3
2044 395 2283 449 (ἄφωνα);
2325 394 2383 437 de

296 464 646 520 pretamentum
679 463 957 508 scholiastae
987 463 1058 507 est
1082 474 1167 518 pro
1189 475 1288 516 φω-
1389 461 1617 519 tragoedo
1648 463 1775 506 mala
1805 476 1917 507 voce
1947 463 2163 519 praedito
2196 469 2263 519 12,
2291 468 2319 508 4

294 536 384 588 νὴν
414 534 506 589 ἀφ’
535 534 720 578 ἑαυτῶν
750 535 971 579 ἀποτελεῖ
1002 531 1158 577 verbis
1190 537 1231 582 9,
1264 537 1289 576 8
1329 528 1608 589 Ἀχιλλεύς
1639 538 1710 586 26,
1745 540 1778 577 1.
1810 538 1879 588 27,
1909 540 1935 577 4
1966 535 2014 578 et
2043 539 2068 577 5

295 603 515 659 positum,
547 604 671 659 quod
694 603 978 648 convertisse
999 602 1185 647 videtur
1205 603 1286 645 Ar·
1335 602 1400 655 ἄψ
1442 602 1628 646 videtur
1666 604 1899 660 scripsisse
1931 603 1984 649 D.
2046 618 2129 661 pro
2161 603 2386 649 librorum

293 678 476 718 menius
1390 673 1547 727 Ἄραψ
1568 678 1632 728 19,
1650 679 1696 717 4:
1729 673 1835 718 vide
1858 674 2086 718 Addenda
2115 689 2146 730 p
2177 674 2386 718 LXXXII

237 736 467 802 ἄφωνος
504 745 561 790 de
599 744 766 791 litteris
803 746 945 789 mutis
975 744 1145 788 dicitur
1174 748 1242 798 21,
1265 748 1290 787 2
1391 746 1557 786 24-26

1292 887 1345 948 Β

239 988 566 1055 B-consonans
599 1005 664 1053 11,
698 1004 736 1045 1.
771 1004 836 1053 12,
858 1004 898 1046 2.
933 1004 1036 1052 13,1
1064 1003 1113 1042 et
1133 1002 1172 1041 2.
1215 996 1292 1041 lit·
1392 997 1523 1053 plum
1553 997 1804 1053 pluralium
1833 1000 1882 1042 in
1911 1004 1940 1043 ᾶ
1979 999 2287 1045 desinentium
2320 1005 2388 1055 16,

296 1069 401 1113 tera
459 1069 836 1114 characteristica
881 1069 1060 1126 primae
1104 1068 1292 1124 baryto-
1394 1074 1434 1112 5.
1469 1069 1560 1112 *τὰ
1581 1070 1727 1123 βιβλία
1749 1069 1806 1114 de
1827 1069 1955 1114 libris
1977 1071 2223 1115 exarandis
2247 1077 2341 1125 111,
2367 1078 2384 1115 1

303 1154 468 1184 norum
501 1139 840 1197 coniugationis
870 1144 939 1193 54,
973 1145 993 1182 1
1336 1138 1466 1193 *βίος
1510 1140 1554 1182 in
1606 1139 1865 1184 Stoicorum
1910 1140 2178 1186 definitione
2221 1144 2390 1199 τέχνης

240 1211 412 1267 βαβαῖ
459 1210 725 1268 exemplum
770 1209 1101 1254 adverbiorum
1145 1209 1291 1255 admi·
1395 1214 1490 1263 116,
1524 1216 1543 1253 1

300 1280 434 1326 randi
473 1287 549 1335 80,
584 1288 621 1325 1.
661 1280 718 1324 de
757 1280 1138 1338 pronuntiatione
1167 1280 1292 1324 vocis
1336 1283 1611 1338 βιωτικῶς
1642 1282 1720 1336 (αά
1749 1282 1872 1327 vitae
1900 1283 2292 1338 consuetudinem)
2323 1298 2390 1328 re-

292 1352 401 1396 vide
433 1352 492 1396 ad
523 1356 591 1404 80,
624 1357 646 1395 1
680 1353 728 1395 et
758 1355 824 1403 78,
860 1358 881 1395 1
1393 1352 1589 1396 citanda
1619 1357 1682 1396 est
1711 1353 1937 1397 comoedia
1967 1359 2006 1406 6,
2037 1359 2063 1397 9

237 1425 483 1478 *βακχεῖος
512 1424 632 1467 πούς
665 1427 757 1476 119,
787 1428 815 1466 4
1335 1419 1619 1483 βοτρυδόν
1639 1424 1900 1480 exemplum
1924 1424 2255 1469 adverbiorum
2277 1439 2389 1480 qua·

239 1494 514 1547 βακχευτικὰ
553 1493 629 1537 vel
668 1496 859 1547 βακχικὰ
895 1493 1195 1537 nominantur
1232 1493 1292 1538 ab
1393 1492 1541 1537 litatis
1571 1499 1640 1548 75,
1674 1499 1695 1537 1

302 1563 570 1608 Herodiano
592 1563 789 1618 aliisque
820 1577 877 1608 ea
897 1563 1139 1618 adverbia,
1170 1578 1292 1619 quae
1338 1564 1627 1619 *βουκολικὴ
1669 1566 1953 1621 τετραποδία
1995 1571 2096 1621 123,
2130 1572 2169 1610 7.
2220 1572 2322 1620 124,
2351 1573 2392 1611 4.

297 1635 544 1692 Dionysius
593 1634 805 1691 appellat
860 1636 1155 1690 ἐπιρρήματα
1202 1639 1291 1679 θει-
1395 1637 1675 1689 βουκολικὸν
1696 1636 1882 1692 μέτρων
1903 1638 2009 1681 ἔθος
2029 1636 2138 1679 XIV
2158 1642 2227 1683 40.
2258 1637 2344 1681 XV
2366 1643 2392 1681 2

297 1711 465 1761 αςμοῡε
497 1705 557 1750 ad
587 1708 656 1759 86,
689 1710 711 1748 1
1338 1707 1475 1763 βοῦς
1496 1705 1762 1761 exemplum
1784 1706 1992 1761 syllabae
2026 1711 2093 1763 17,
2118 1712 2164 1760 13
2197 1721 2268 1755 ex.
2290 1709 2394 1752 ὀνό-

241 1778 351 1832 βάλε
381 1775 489 1820 vide
520 1777 663 1830 ἄβαλε
1397 1790 1544 1831 ματος
1575 1777 1745 1820 εἰδικοῦ
1777 1782 1844 1830 44,
1878 1783 1898 1820 1

239 1850 469 1909 βαρεῖα,
499 1845 582 1890 scil
610 1846 872 1903 προςῳδία,
903 1851 1117 1891 accentus
1144 1848 1298 1904 yravis
1338 1849 1456 1904 βοῶ
1491 1849 1628 1904 βοᾷς
1663 1848 1770 1903 βοᾷ
1809 1848 2074 1905 exemplum
2105 1847 2394 1905 coniugatio-

297 1924 338 1974 7,
372 1923 409 1965 1.
445 1920 578 1971 *105,
610 1922 649 1964 3.
681 1917 703 1940 ²⁸¹
722 1922 817 1970 106,
851 1922 892 1960 2.
922 1918 1053 1971 *110,
1084 1922 1125 1965 5.
1163 1919 1295 1973 *111,
1395 1918 1466 1962 nis
1496 1918 1677 1975 primae
1699 1917 2100 1962 circumflexorum
2121 1922 2252 1974 58,’4.
2288 1918 2393 1963 vide

297 1995 342 2036 4.
400 1990 543 2044 atque
575 1989 751 2043 *βαρὺς
780 1990 922 2033 τόνος
956 1991 1051 2043 107,
1082 1994 1108 2033 3
1399 1989 1556 2034 adnot.
1588 1987 1646 2032 de
1679 1987 1874 2032 aliorum
1904 1987 2223 2033 technicorum
2252 2003 2336 2033 usu

242 2057 572 2122 βαρύτονος.
623 2060 900 2115 βαρυτόνων
938 2064 1017 2114 53,
1055 2064 1095 2103 6.
1144 2065 1222 2114 59,
1252 2065 1293 2104 9.
1339 2057 1556 2121 βραδύς
1587 2058 1854 2116 exemplum
1894 2059 2209 2114 epithetorum
2239 2073 2268 2103 a
2296 2074 2395 2105 cor-

294 2132 413 2175 *125
443 2130 465 2174 Ι
486 2136 512 2175 5
542 2129 600 2173 de
621 2129 778 2174 verbis
799 2143 999 2184 quorum
1021 2129 1188 2173 ultima
1208 2129 1296 2185 syl·
1395 2131 1523 2188 poris
1554 2129 1783 2185 qualitate
1813 2131 2104 2186 sumptorum
2134 2136 2204 2186 35,
2239 2137 2259 2175 1

296 2202 407 2246 laba
422 2200 751 2258 pronuntiatur
769 2202 968 2256 accentu
985 2201 1133 2257 gravi.
1151 2201 1295 2256 *παρ·
1337 2200 1691 2262 βραδύτατος
1707 2201 1972 2257 exemplum
1988 2200 2265 2258 superlativi
2281 2205 2349 2256 28,
2367 2207 2394 2245 5

297 2274 550 2327 οξύτονον,
601 2274 628 2317 ὃ
673 2273 751 2315 καὶ
791 2273 1054 2327 βαρύτονον
1094 2273 1292 2328 λέγεται,
1337 2269 1691 2334 βραδύτερος
1757 2269 2025 2329 exemplum
2083 2272 2390 2329 comparativi

298 2346 375 2388 καὶ
405 2346 844 2400 προπαροξύτονον,
876 2344 902 2387 ὃ
934 2345 1010 2387 καὶ
1033 2344 1294 2398 βαρύτονον
1394 2349 1463 2398 28,
1500 2350 1517 2386 1

295 2416 654 2471 παρατέλευτον
683 2415 869 2469 λέγεται
902 2419 995 2465 107,
1028 2417 1054 2456 6
1337 2409 1734 2474 βραχυνόμενα
1766 2413 1982 2458 dicuntur
2011 2418 2042 2457 ἃ
2060 2415 2079 2458 ἰ
2097 2418 2130 2458 U
2141 2448 2153 2468 ‚
2184 2413 2266 2458 ubi
2297 2427 2391 2459 eor.

240 2487 272 2543 †
291 2487 516 2540 βαςιλεύω
555 2486 823 2542 exemplum
853 2486 1012 2529 sextae
1043 2484 1295 2528 verborum
1394 2485 1650 2543 ripiuntur:
1685 2487 2016 2541 βραχυνομένῳ
2052 2490 2117 2541 18,
2148 2491 2188 2530 4.
2219 2490 2288 2540 21,
2324 2491 2343 2529 1

298 2557 634 2613 barytonorum
666 2555 1008 2612 coniugationis
1036 2560 1106 2609 57,
1138 2561 1159 2598 1
1337 2554 1571 2617 βραχύς.
1604 2557 1775 2612 βραχέα
1804 2555 2103 2600 nominantur
2122 2562 2152 2601 ἓ
2172 2557 2221 2601 et
2238 2560 2288 2600 δε
2324 2562 2390 2608 10,

238 2625 592 2686 βεβαιώσεως
629 2627 922 2682 ἐπιρρήματα
962 2626 1188 2671 adverbia
1217 2626 1296 2671 ad·
1396 2633 1434 2671 1.
1471 2632 1539 2682 18,
1569 2633 1610 2674 4.
1649 2632 1718 2681 20,
1752 2632 1774 2670 1
1806 2629 1922 2683 (quo
1952 2626 2056 2671 loco
2088 2626 2277 2672 additui·
2306 2629 2394 2683 φύ-

295 2698 512 2742 firmandi
540 2701 610 2752 85,
642 2703 664 2742 1
1396 2700 1500 2754 ςει).
1553 2703 1642 2751 21,
1680 2702 1716 2742 1.
1783 2700 1971 2753 βραχεῖα
2006 2700 2208 2752 ςυλλαβή
2251 2704 2324 2753 19,
2355 2703 2394 2745 6.

242 2771 533 2825 βεβαιωτικοὶ
581 2771 821 2823 ςύνδεςμοι
871 2768 978 2813 vide
1028 2771 1294 2823 διαβεβαιω-
1396 2774 1466 2824 21,
1496 2773 1537 2812 4.
1585 2770 1717 2818 *118,
1754 2773 1930 2821 1-121,
1954 2773 1978 2811 7
2002 2767 2200 2825 saepius.
2235 2774 2330 2821 123,
2354 2775 2392 2813 3.

298 2841 429 2886 τικός
1396 2840 1601 2894 *βραχὺς
1628 2840 1799 2895 χρόνος
1833 2844 1927 2893 107,
1957 2843 1998 2884 4.
2040 2842 2261 2894 *βραχεῖα
2283 2853 2394 2895 προ-

241 2912 377 2969 βέλη
421 2911 688 2967 exemplum
725 2910 978 2968 pluralium
1022 2910 1071 2954 in
1108 2913 1140 2965 ῆ
1178 2909 1297 2954 desi·
1398 2910 1541 2966 ςῳδία
1573 2914 1667 2963 105,
1696 2914 1738 2953 3.
1771 2913 1865 2962 106,
1899 2916 1940 2957 3.
1972 2914 2068 2964 111,
2101 2914 2127 2952 6

301 2983 515 3027 nentium
548 2986 614 3037 16,
644 2987 671 3026 5
1340 2979 1553 3042 βρέφος
1583 2979 1801 3036 exempla
1820 2980 2018 3037 praebet
2037 2980 2272 3025 vocalium
2293 2981 2396 3025 bre-

247 3055 486 3109 βελτίων
516 3052 783 3110 exemplum
804 3051 1230 3108 comparativorum
1249 3051 1297 3096 in
1398 3051 1527 3096 vium
1556 3057 1626 3104 20,
1662 3057 1683 3094 1

301 3129 372 3168 ῶν
401 3138 571 3181 purum
602 3123 912 3168 desinentium
944 3128 1013 3178 28,
1046 3129 1093 3167 1.
1343 3123 1595 3168 Βυζάντιος
1634 3135 1892 3179 cognomen
1922 3121 2153 3177 Dionysii:
2193 3122 2253 3167 ad
2283 3123 2396 3167 artis

243 3197 482 3253 βιβλίον.
514 3198 553 3249 β.
572 3195 889 3251 Πλατωνικὸν
921 3194 1187 3251 exemplum
1216 3206 1296 3237 no·
1397 3193 1749 3250 inscriptionem
1779 3200 1827 3250 (p
1857 3195 1901 3249 4)

300 3265 438 3310 minis
475 3265 723 3323 possessivi
758 3270 828 3320 27,
859 3271 900 3310 2.
961 3266 1108 3321 βιβλία
1146 3278 1298 3310 exem·

1300 3394 1354 3455 Γ

247 3511 283 3564 Ῡ
308 3508 470 3553 littera
500 3514 569 3562 11,
603 3514 639 3553 1.
671 3514 739 3564 12,
760 3513 799 3553 2.
834 3514 899 3562 13,
925 3513 945 3552 1
979 3509 1028 3553 et
1057 3512 1107 3562 33
1137 3506 1299 3552 littera
1400 3508 1541 3561 atqoe
1571 3506 1609 3550 is
1637 3506 2016 3565 technographus
2037 3507 2223 3562 latinus,
2256 3521 2285 3551 a
2305 3519 2396 3562 quo

304 3579 686 3624 characteristica
705 3579 935 3624 secundae
953 3579 1202 3640 verborum
1217 3578 1299 3621 ba·
1399 3577 1662 3633 repetenda
1692 3580 1800 3622 sunt
1821 3592 1940 3634 quae
1958 3579 2247 3635 Dionysiana
2266 3578 2391 3622 inve-

304 3652 576 3707 rytonorum
608 3650 946 3707 coniugationis
975 3655 1044 3705 55,
1078 3656 1099 3693 1
1400 3648 1592 3692 niuntur
1613 3649 1740 3706 apud
1754 3648 2038 3694 'Dositheum
2062 3650 2111 3693 et
2133 3648 2399 3694 Charisium

248 3718 472 3779 Γαιήϊος
503 3721 765 3777 exemplum
789 3721 988 3766 nominis
1007 3720 1212 3765 derivati
1233 3724 1300 3774 25,
1344 3717 1624 3777 γαμητέον
1663 3721 1927 3778 exemplum
1967 3720 2180 3765 adverbii
2210 3723 2396 3764 θετικοῦ

304 3798 331 3837 5
370 3791 437 3846 (in
468 3790 653 3836 scholiis
690 3794 739 3836 et
767 3791 1036 3836 erotematis
1065 3790 1300 3836 nonnullis
1400 3795 1467 3844 85,
1501 3795 1528 3834 2

202 3922 217 3935 ο
306 3861 479 3920 legitur
507 3863 670 3917 γήϊνος
700 3863 784 3905 aut
811 3863 963 3919 γήῖος)
1344 3858 1450 3922 γάρ
1480 3862 1732 3920 usurpatur
1761 3867 1801 3917 6,
1832 3867 1855 3906 7
1889 3864 1937 3907 et
1957 3866 2024 3905 11.
2057 3866 2101 3917 8,
2127 3866 2165 3905 1.
2195 3867 2237 3917 9,
2259 3867 2298 3908 3.
2329 3866 2397 3916 23,

248 3932 503 3991 Γαλάτης
553 3933 818 3988 exemplum
867 3933 1065 3977 nominis
1114 3932 1302 3990 gentilis
1403 3937 1442 3978 2.
1474 3937 1542 3988 26,
1574 3938 1613 3977 3.
1644 3939 1712 3988 30,
1738 3939 1776 3980 1.
1807 3938 1877 3988 38,
1898 3939 1939 3981 2.
1982 3945 2209 3987 nusquam
2239 3933 2397 3976 autem

306 4009 373 4058 38,
404 4008 430 4047 6
1402 4002 1602 4060 protulit
1629 4016 1794 4049 vocem
1823 4002 2202 4059 technographus
2222 4002 2270 4046 in
2290 4015 2396 4047 con-

251 4077 372 4130 γαλῆ
416 4074 584 4131 legisse
623 4072 839 4119 videntur
876 4079 954 4129 25,
991 4080 1017 4118 2
1057 4075 1302 4119 Armenius
1402 4075 1715 4121 iunctionibus
1736 4074 2074 4130 enumerandis,
2104 4075 2187 4119 sed
2206 4074 2397 4131 Trypho
