2808 4394
932 270 1019 315 DE
1051 269 1394 316 NOMINVM
1423 269 1813 315 SPECIEBVS
2382 274 2451 326 33

1415 352 1433 383 ι

124 410 268 449 μοθεῑ)
292 412 399 452 ται·
437 398 641 466 κύριον,
666 400 1074 468 προεηγορικόν,
1097 400 1358 462 ἐπίθετον,
1395 398 1532 463 πρόε
1550 416 1597 451 τι
1625 398 1770 466 ἔχον,
1803 399 1878 452 ώε
1905 400 2039 465 πρό(
2065 418 2112 452 τι
2141 400 2285 465 ἔχον,
2313 400 2452 465 ὁμώ-

227 495 269 527 10
292 500 477 550 νυμον,
518 483 847 547 ευνώνυμον,
885 483 922 553 ἦ·
958 484 1246 551 διώνυμον,
1286 483 1601 550 ἐπώνυμον,
1640 482 1874 546 ἑθνικόν,
1914 484 2321 550 ἑρωτηματικόν,
2361 484 2452 537 ἀό-

291 584 484 632 ριετον,
524 566 861 634 ἀναφορικόν
890 570 920 622 ὃ
948 570 1032 622 καὶ
1068 568 1460 634 ὁμοιωματικὸν
1499 567 1585 619 καὶ
1621 568 1877 620 δεικτικὸν
1916 569 1999 620 καὶ
2026 568 2452 622 ἀνταποδοτικὸν

290 654 550 719 καλεῖται,
588 654 981 723 περιληπτικόν,
1020 653 1473 719 ἑπιμεριζόμενον,
1513 651 1856 719 περιεκτικόν,
1894 654 2278 722 πεποιημένον,
2315 670 2453 716 γενι-

226 746 267 778 1⁶
289 736 410 799 κόν,
448 734 485 804 ἢ·
523 735 718 801 ἰδικόν,
755 738 1026 800 τακτικόν,
1067 736 1426 802 ἀριθμητικὸν,
1466 736 1902 804 ἀπολελυμένον,
1940 736 1977 804 †
2015 738 2452 801 μετουειαετικόν.
2483 747 2513 793 5

430 813 532 887 <D
574 820 765 885 Κύριον
805 824 902 887 μὲν
942 821 1041 874 οὖν
1080 822 1185 874 ἐετι
1223 823 1285 874 τὸ
1313 822 1409 885 τὴν
1436 820 1573 873 ἰδίαν
1601 820 1787 874 οὐείαν
1814 823 2086 886 εημαῑνον,
2115 822 2233 876 οἷον
2260 823 2328 875 Ὅ
2340 841 2454 886 μη-
2529 879 2531 881 ,

287 921 401 969 poc
441 903 798 971 (ωκράτηε.

287 1043 637 1100 [stcnnrmu
669 1060 932 1090 scnnvrvnn:
963 1061 1008 1088 m
1037 1044 1520 1099 MLGBTVHAfb]
1582 1047 1607 1088 1
1631 1045 1696 1089 ώε
1720 1046 1842 1100 πρόε
1868 1060 1914 1089 τι
1944 1047 2055 1100 ἔχον
2079 1058 2154 1089 om
2176 1046 2210 1088 L
2233 1047 2280 1090 et
2297 1046 2422 1090 HAf
2438 1045 2451 1098 ΙΙ

284 1113 314 1158 2
343 1116 621 1170 ευνώνυμον
652 1128 728 1158 om
758 1115 797 1159 Τ
822 1115 828 1171 Ι
876 1117 985 1171 post
1014 1116 1186 1163 ευνών.
1218 1115 1445 1159 exhibent
1474 1117 1760 1169 φερώνυμον
1794 1115 2068 1159 GBVHAf
2074 1117 2102 1159 b
2130 1118 2138 1171 Ι
2182 1131 2323 1173 supra
2351 1119 2455 1162 διώ-

285 1200 433 1239 νυμον
464 1185 498 1228 L
530 1186 675 1228 habet
704 1185 886 1242 signum
905 1187 1031 1242 quod
1063 1184 1208 1229 etiam
1237 1185 1286 1227 in
1308 1185 1547 1241 superiore
1572 1199 1653 1242 mg
1672 1184 1914 1229 invenitur
1930 1200 2072 1242 supra
2100 1187 2219 1231 haec
2234 1186 2453 1243 'exempla

284 1256 535 1311 scriptum:
577 1255 758 1310 εὐειδής
789 1258 943 1309 μέλας.
1005 1255 1073 1298 cfr
1098 1255 1207 1298 tab.
1240 1254 1576 1313 photolithogr.
1608 1255 1652 1298 II
1684 1256 1733 1299 et
1764 1269 1820 1299 ea
1848 1257 2157 1312 praefationis
2194 1272 2302 1314 pars
2332 1272 2451 1314 quae

285 1326 356 1370 est
375 1325 433 1368 de
456 1325 636 1368 ratione
658 1325 783 1369 inter
802 1325 849 1368 M
871 1326 919 1369 et
940 1325 974 1368 L
994 1325 1318 1369 intercedente
1341 1326 1356 1381 ΙΙ
1379 1326 1409 1371 3
1443 1327 1468 1370 ὃ
1501 1327 1549 1385 et
1580 1329 1654 1370 καὶ
1675 1328 1907 1371 δεικτικὸν
1938 1340 2014 1370 om
2045 1327 2099 1380 G,
2119 1329 2145 1372 ὃ
2177 1330 2252 1372 καὶ
2283 1329 2451 1382 ὁμοιω-

229 1438 236 1446 ,
285 1398 483 1450 ματικὸν
515 1408 591 1438 om
620 1394 679 1450 Τ,
712 1395 741 1439 ἃ
761 1409 848 1452 pro
880 1397 906 1440 ὃ
928 1397 969 1440 A
990 1398 1006 1452 ΙΙ
1027 1397 1059 1442 4
1087 1398 1196 1453 post
1225 1397 1520 1452 περιεκτικόν
1551 1396 1645 1440 add
1676 1398 1740 1441 ώε
1773 1400 2070 1453 περιεκτικόν
2102 1398 2138 1440 Β
2169 1398 2252 1442 sed
2289 1398 2452 1441 subtus

283 1466 423 1510 rubro
465 1465 628 1510 addita
658 1467 768 1509 sunt
796 1467 1307 1523 Ριιῐιοὺειάθετήεεωε-ΙΙ
1386 1468 1415 1512 5
1450 1467 1596 1512 ἰδικόν
1626 1466 1674 1509 Μ
1706 1469 1755 1511 et
1786 1467 1866 1522 L¹‚
1899 1482 2019 1524 quae
2050 1482 2216 1512 manus
2247 1468 2340 1512 add
2373 1467 2450 1512 ἰδι-

283 1539 371 1581 κόν
402 1537 626 1581 τακτικόν
666 1537 724 1580 ab
753 1537 815 1580 L¹
856 1538 1028 1582 omissa
1062 1537 1111 1580 in
1143 1538 1382 1594 superiore
1422 1553 1527 1595 mg:
1568 1538 1738 1582 εἰδικόν
1769 1538 1946 1593 ceteri!
2002 1540 2111 1583 ante
2144 1553 2450 1593 μετουειαετι-

283 1609 369 1652 κόν
401 1607 493 1651 add
523 1609 598 1650 καὶ
622 1606 659 1650 Β
691 1607 791 1663 (sed
822 1608 964 1652 rubro
995 1609 1240 1665 scriptum)
1263 1609 1312 1652 et
1333 1609 1393 1662 T;
1430 1610 1806 1662 μετουειαετικὸν
1828 1610 2182 1663 ἀπολελυμένον
2203 1609 2381 1654 VHAf
2386 1610 2415 1653 b
2437 1612 2451 1667 Η

283 1679 315 1723 6
348 1679 443 1722 ἑετι
474 1680 560 1722 τὸ.
588 1712 598 1721 .
622 1714 630 1722 .
661 1712 669 1720 .
700 1678 947 1736 εημαῑνον]
981 1679 1104 1722 ἐςτιν
1132 1680 1158 1723 ὃ
1184 1711 1331 1727 .....
1355 1679 1564 1735 εημαίνει
1586 1678 1770 1722 VHAf
1790 1681 1797 1734 Ι
1843 1679 2005 1723 οὐείαν
2024 1692 2099 1723 om
2121 1679 2273 1735 HAfl
2306 1682 2451 1738 ‘'Onn-

282 1763 363 1803 poc
394 1762 472 1792 om
502 1747 540 1790 Τ

283 1876 653 1934 [Daca-sunm
666 1891 991 1919 nrrns'rmom
1002 1892 1281 1920 scflomonvn
1302 1877 1370 1932 (Σ
1378 1889 1411 1921 o·
1423 1878 1475 1931 λ)
1510 1891 1815 1920 nnormmrvm
1828 1878 1912 1932 (E)
1943 1891 2141 1920 Amonvu
2157 1879 2447 1934 scnmronvn]

280 1947 398 1992 1-5
415 1946 815 1999 enumerationem
835 1947 1096 2003 specierum
1117 1960 1211 1991 non
1231 1947 1433 2004 praebet
1451 1951 1502 1992 Σ
1510 1947 1519 1975 ¹
1541 1951 1659 2004 8633,
1683 1946 1765 1991 sed
1782 1947 1986 1990 testatur
2001 1947 2448 2004 scholiastaffiteph)

281 2022 406 2073 8635:
443 2017 879 2072 ἀπαριθμηεάμενοε
918 2019 977 2062 τὰ
1016 2020 1115 2073 εἴδη
1155 2019 1232 2062 ἐπὶ
1271 2020 1361 2072 τὴν
1393 2018 1588 2062 ἑκάετου
1626 2018 1922 2062 διδαεκαλίαν
1954 2019 2150 2073 ἔρχεται.
2210 2018 2450 2062 invenitur

280 2087 355 2132 hic
386 2087 527 2133 εἰδῶν
561 2087 674 2131 ordo
706 2088 847 2132 etiam
871 2089 919 2131 in
938 2090 1039 2134 oet
1067 2091 1303 2134 EgEVEb.
1364 2088 1447 2132 sed
1473 2101 1506 2132 σ
1545 2089 1831 2144 φερώνυμον
1869 2088 2062 2132 exhibet
2088 2089 2213 2132 inter
2243 2090 2448 2133 ευνώνυ-

281 2173 370 2213 μον
401 2159 451 2203 et
477 2159 715 2212 διώνυμον
733 2193 743 2213 ,
777 2162 843 2203 Eg
874 2161 982 2215 post
1010 2160 1262 2214 διώνυμον.
1323 2162 1395 2204 Ev
1419 2159 1468 2202 in
1492 2159 1844 2203 enumeratione
1889 2172 1965 2203 om
2011 2160 2076 2204 u‘sc
2108 2160 2227 2215 πρός
2266 2173 2309 2202 τι
2339 2162 2448 2214 ἔχον

280 2229 565 2284 φερώνυμον
624 2229 859 2283 διώνυμον
907 2231 1160 2282 ἐπώνυμον
1200 2231 1418 2285 ἀόριετον
1463 2230 1843 2285 ἑπιμεριζόμενον
1893 2231 2210 2285 περιεκτικόν,
2262 2233 2310 2273 et
2354 2229 2447 2273 add

279 2301 569 2355 παρώνυμον
601 2300 709 2355 post
737 2301 1015 2355 ευνώνυμον
1053 2301 1124 2356 (in
1163 2299 1488 2344 definitionum
1520 2299 1639 2344 serie
1678 2313 1754 2343 om
1785 2314 1892 2355 φερ.
1926 2301 2054 2344 διών.
2087 2301 2232 2344 ἑπών.
2265 2301 2365 2356 ἀόρ.
2400 2303 2449 2343 et

282 2369 376 2413 add
406 2371 726 2424 πολυώνυμον
757 2371 1048 2425 παρώνυμον
1078 2373 1186 2427 post
1214 2373 1417 2426 ευνών.).
1471 2374 1519 2416 E
1529 2372 1546 2399 b
1579 2384 1654 2414 om
1679 2372 1859 2426 φερών.
1890 2371 2020 2414 διών.
2068 2371 2235 2424 ἑπών.,
2270 2372 2319 2414 et
2352 2370 2446 2414 add

281 2440 347 2486 ώε
391 2442 685 2495 περιεκτικόν
724 2442 832 2497 post
869 2443 1178 2497 περιεκτικόν.
1237 2441 1500 2486 Priscianus
1535 2441 1579 2483 II
1615 2446 1715 2496 5920
1762 2454 1819 2485 ex
1863 2441 2108 2498 speciebus
2147 2440 2445 2496 Dionysianis

280 2511 529 2554 enumerat
554 2510 718 2555 hasce:
749 2511 1052 2565 adieetivum,
1084 2512 1148 2556 ad
1178 2512 1363 2568 aliquid
1394 2511 1594 2564 dictum,
1627 2512 1762 2567 quasi
1790 2511 1854 2555 ad
1882 2512 2066 2567 aliquid
2097 2511 2292 2565 dictum,
2338 2525 2444 2568 yen-

278 2581 381 2632 tile,
428 2581 831 2638 interrogativum,
862 2582 1123 2637 infinitam,
1161 2582 1406 2626 relativum
1442 2582 1512 2626 vel
1553 2582 1959 2627 demonstrativum
1995 2582 2065 2625 vel
2102 2581 2446 2635 similitudinis,

277 2651 559 2696 collectivum
589 2653 662 2706 (=
703 2654 1075 2708 περιληπτικόν),
1106 2653 1376 2706 dividwam,
1407 2652 1669 2707 facticium,
1711 2653 1940 2709 yenerule,
1970 2652 2188 2707 speciale,
2219 2652 2445 2706 ordinale,

277 2722 526 2777 numerale,
558 2722 835 2776 absolutum3
868 2723 951 2766 sed
973 2723 1031 2767 de
1047 2727 1239 2780 proprio
1270 2725 1319 2767 et
1346 2723 1626 2778 appellativo
1642 2722 1830 2767 disserit
1857 2723 1917 2767 ab
1949 2728 2058 2778 5712,
2091 2723 2149 2767 de
2180 2723 2445 2782 homowymo

278 2793 328 2837 et
345 2804 597 2850 synonymo
627 2798 737 2849 5913,
771 2795 1060 2848 φερωνύμου
1089 2794 1245 2838 locum
1267 2793 1453 2837 obtinet
1472 2806 1695 2850 aynomen
1724 2798 1810 2849 585,
1845 2794 2067 2850 dionyma
2096 2794 2328 2837 memorat
2356 2797 2443 2848 61„

268 2864 535 2918 ἐπωνύμου
556 2863 658 2906 vice
689 2864 1036 2919 quadamtenus
1058 2863 1271 2921 fungitur
1291 2876 1533 2920 coynomen
1554 2869 1641 2919 585,
1673 2865 2085 2919 comprehensivum
2108 2865 2443 2919 (περιεκτικόν)

277 2938 350 2989 60,
379 2933 604 2977 adscribit
633 2933 994 2977 denominativis
1025 2934 1112 2990 (cfr
1130 2934 1289 2991 partit.
1314 2936 1427 2977 Aen.
1451 2934 1518 2976 III
1546 2939 1627 2978 498
1638 2935 1688 2990 ⁷).
1748 2948 1859 2991 ergo
1892 2934 2034 2978 solius
2066 2937 2442 2987 μετουειαετικοῡ

276 3003 456 3046 nullam
472 3003 704 3048 rationem
722 3005 867 3048 habet
882 3004 930 3047 in
945 3004 1018 3047 his
1034 3004 1226 3061 quidem
1238 3005 1296 3048 de
1318 3004 1562 3048 nominum
1578 3004 1824 3060 speciebus
1844 3004 2165 3062 paragraphis,
2190 3003 2444 3060 (accedunt

276 3075 325 3117 in
363 3073 591 3117 Prisciani
628 3074 746 3118 serie
787 3075 846 3119 ad
884 3074 1094 3131 Dionysii
1127 3076 1295 3120 classes
1328 3076 1541 3131 patrium
1578 3076 1689 3131 post
1716 3076 1915 3132 gentile,
1948 3075 2193 3130 temporale
2223 3075 2272 3118 et
2301 3075 2442 3118 locale

276 3145 386 3201 post
414 3143 713 3199 absolutum.)
773 3160 889 3201 quas
910 3146 1090 3200 species
1112 3146 1321 3190 habeant
1335 3145 1413 3189 vel
1434 3145 1658 3189 omittant
1685 3145 1935 3189 Diomedes
1959 3144 2192 3189 Charisius
2208 3145 2441 3201 Excerpta

277 3214 528 3259 Bobiensia
555 3213 807 3259 Dositheus
835 3215 1044 3259 Donatus
1066 3215 1340 3260 Consentius
1371 3215 1600 3272 [Probus]‚
1631 3216 1883 3259 maximam
1922 3216 2104 3271 partem
2134 3215 2342 3259 indicavi
2371 3214 2440 3258 in-

275 3284 349 3328 fra
384 3285 400 3340 ΙΙ
547 3284 575 3328 1
605 3286 714 3340 ἔχον
743 3287 851 3342 post
878 3285 1008 3343 prius
1037 3287 1155 3342 πρό(
1183 3301 1228 3329 τι
1264 3300 1340 3330 om
1369 3290 1455 3340 EV‚
1487 3286 1595 3330 vide
1616 3287 1737 3330 infra
1757 3286 1816 3330 ad
1847 3301 1877 3342 p
1909 3291 1977 3338 35,
2009 3291 2034 3329 3
2070 3286 2086 3341 ΙΙ
2229 3287 2259 3331 5
2291 3286 2438 3330 ἰδικόν

278 3366 313 3400 o·
342 3357 532 3411 praeter
561 3357 629 3401 6¹²
651 3358 740 3402 6¹1:
773 3358 946 3402 εἰδικόν
977 3360 1051 3402 Eg
1082 3361 1130 3402 E
1142 3365 1157 3384 V
1191 3359 1267 3402 Eb
1301 3359 1366 3402 6¹²
1389 3358 1458 3403 6¹<
1484 3363 1489 3411 ι
1517 3358 1626 3401 ante
1656 3357 2035 3411 μετουειαετικόν
2063 3356 2157 3399 add
2188 3359 2263 3400 καὶ
2294 3356 2438 3400 etiam

278 3428 351 3470 Ev
382 3426 497 3481 Ebu
575 3427 607 3471 6
650 3430 759 3482 post
803 3428 965 3472 οὐείαν
1010 3427 1101 3471 add
1142 3430 1247 3482 ἤτοι
1285 3430 1538 3476 ὑπόεταειν
1577 3439 1625 3474 σ.
1684 3428 1734 3470 in
1764 3430 1841 3472 Εἰ)
1872 3430 1941 3471 Ει
1973 3426 2321 3483 epitomamque
2352 3441 2437 3483 pro

278 3494 568 3551 Dionysiana
598 3496 871 3541 definitione
903 3498 1094 3554 irrepsit
1122 3498 1238 3542 haec
1268 3512 1325 3542 ex
1357 3498 1570 3542 doctrina
1599 3498 2023 3554 Peripateticorum
2052 3496 2224 3553 petita:
2263 3498 2319 3540 τὸ
2360 3498 2438 3541 ἐπὶ

277 3566 471 3620 ἀτόμων
511 3567 781 3621 λεγόμενον.
852 3567 1016 3615 Choer,
1071 3573 1180 3623 (5623
1219 3572 1349 3624 18622)
1396 3568 1634 3612 retinebat
1676 3567 1891 3623 Dionysii
1935 3567 2100 3620 verba,
2153 3579 2437 3622 quamquam

276 3635 552 3692 Apollonius
582 3638 670 3693 (cfr
698 3640 817 3695 synt.
843 3644 966 3694 10313
1001 3642 1141 3694 11222)
1175 3641 1407 3694 ποιότητα
1429 3639 1548 3683 ἰδίαν
1577 3638 1769 3681 nomina
1787 3638 1980 3696 propria
2005 3637 2168 3681 notare
2200 3637 2434 3680 docuerat

281 3763 545 3819 [Lscnonss
574 3764 786 3822 numm]
854 3766 971 3810 1—5
1016 3766 1075 3809 ad
1114 3764 1308 3810 verbum
1357 3765 1562 3809 concinit
1609 3779 1714 3809 cum
1754 3766 1821 3809 eis
1858 3779 1978 3821 quae
2018 3776 2160 3819 supra
2196 3762 2433 3818 leguntur,

276 3835 608 3889 praeterquam
633 3834 760 3890 quod
788 3834 933 3879 habet
962 3837 1248 3891 φερώνυμον
1279 3838 1388 3892 post
1418 3837 1715 3890 ευνώνυμον,
1746 3849 1839 3880 non
1869 3836 2014 3879 habet
2044 3833 2435 3888 μετουειαετικόν.

277 3903 422 3948 etiam
450 3907 657 3949 καλεῖται
686 3906 795 3960 post
824 3906 1198 3951 ἀνταποδοτικὸν
1228 3906 1421 3962 legebat
1451 3905 1659 3960 (Girbied
1688 3919 1959 3963 perperam:
1999 3904 2081 3960 qui
2108 3916 2156 3947 se
2184 3902 2433 3959 subdivise)

277 3975 418 4030 atque
436 3974 582 4020 ἰδικόν
604 3975 848 4028 convertit,
880 3989 974 4019 non
991 3977 1177 4031 εἰδικόν,
1211 3992 1249 4023 v,
1272 3975 1394 4018 infra
1415 3975 1474 4018 ad
1490 3981 1559 4030 43,
1576 3982 1601 4020 3
1623 3978 1639 4032 u
1718 3977 1750 4021 6
1775 3975 2071 4020 definitiones
2087 3971 2267 4029 proprii
2288 3973 2337 4016 et
2351 3986 2431 4030 ap-

277 4043 491 4100 pellativi
519 4045 660 4102 plane
692 4047 959 4101 congruunt
987 4060 1093 4089 cum
1125 4060 1266 4102 supra
1295 4044 1493 4101 scriptis,
1524 4047 1856 4103 praeterquam
1887 4045 2013 4102 quod
2051 4045 2096 4087 in
2130 4042 2286 4100 priore
2317 4042 2433 4088 defi-

361 4123 537 4163 Dionysii
562 4125 720 4157 Thracis
746 4133 807 4156 ars
833 4125 1088 4164 grammatica
1113 4125 1171 4156 ed.
1189 4123 1311 4164 Vhlig
2068 4122 2093 4159 3
