2814 4400
863 281 941 325 DE
974 279 1549 324 INTERPRETATIONE
1581 280 1941 325 ARMENIACA
2299 280 2465 325 LXVII

457 411 738 478 Τραγῳδία
776 413 829 461 et
865 409 1139 479 κωμῳδία,
1178 407 1256 460 uti
1295 411 1347 460 et
1384 408 1659 477 ῥαψῳδία,
1699 427 1831 476 quae
1867 410 1920 460 in
1961 409 2064 461 fine
2103 413 2244 479 ᾠδῆς
2283 427 2464 461 vocem

315 495 539 559 habent,
587 495 669 547 cui
718 493 999 562 respondet
1044 495 1338 545 armeniace
1384 491 1693 557 erkoutfiiuu
1730 493 1795 543 ab
1833 493 1966 546 crkel
2003 521 2068 537 =
2107 497 2341 556 cantare,
2393 494 2465 543 di·

317 582 509 631 cuntur
555 578 1078 646 v—oyhp-erkouthium
1131 576 1666 644 yaclay-crkoutliiuu‚
1714 576 2201 630 halcu-crkouthiuu.
2276 578 2467 644 th

317 667 398 717 est
423 653 694 735 plauctiss,
734 665 927 728 luctus;
960 663 1138 730 ,qaday
1176 665 1255 713 est
1293 663 1609 728 ludibrium,
1649 663 1852 716 derisiO.
1920 662 2102 730 ltaque
2140 681 2256 715 cum
2296 653 2466 731 neq—ue

274 749 382 801 nde
425 750 604 818 τράγῳ
652 750 794 801 hirco
840 764 1011 815 neque
1061 746 1123 798 de
1169 748 1314 816 κώμῃ
1362 748 1470 799 vico
1517 746 1802 798 Armenius
1848 747 2090 799 dubitare
2139 754 2339 816 posset,
2384 749 2467 801 his

315 834 371 884 in
418 833 592 885 verbis
641 853 672 884 a
710 851 851 884 more
890 849 982 883 suo
1020 831 1270 883 recedens
1283 872 1297 898 ,
1345 849 1554 882 sensum
1604 830 1779 898 potius
1817 849 1971 900 quam
2013 850 2191 885 vocem
2228 835 2467 886 reddidit.

319 917 362 970 Ε
391 919 660 970 contrario
687 917 899 971 kalen-ez
934 917 1014 967 est
1045 932 1155 982 suc,
1197 932 1400 982 consuo,
1442 915 1622 984 itaque
1647 916 1703 967 in
1731 916 1982 984 ῥαψῳδία
2010 917 2222 970 verbum
2252 920 2467 984 ῥάπτειν

315 1002 509 1055 habere
547 1003 649 1055 sibi
674 1003 816 1055 visus
855 1003 950 1068 est,
990 1001 1130 1068 quod
1157 1000 1224 1051 ad
1250 1000 1484 1052 litteram
1513 1001 1786 1068 expressit.
1851 1002 2082 1063 Ἐλεγεῖα
2108 1007 2470 1071 tampauayau

316 1088 572 1156 reddidit,
624 1092 845 1155 tampau
891 1103 1016 1138 vero
1062 1088 1143 1136 est
1190 1086 1505 1152 sepulcrum,
1554 1085 1731 1154 itaque
1771 1088 2005 1137 carmina
2044 1088 2354 1154 sepulcralia
2391 1089 2469 1140 in-

252 1173 544 1239 10tellexit,
598 1189 914 1239 sensumque
972 1171 1254 1238 expressit,
1307 1171 1517 1236 λυρικός
1563 1188 1684 1222 vero
1731 1170 1870 1238 quod
1922 1172 2263 1244 ,chcuarayau
2310 1174 2468 1225 inter-

316 1260 552 1324 pretatus
590 1260 694 1324 est,
745 1255 1117 1324 etymologiam
1165 1256 1420 1323 respexit,
1474 1274 1594 1307 nam
1641 1255 1809 1308 elmar
1858 1261 1937 1308 est
1974 1257 2159 1321 κινύρα
2198 1260 2251 1309 et
2286 1260 2471 1323 κιθάρα

318 1341 506 1394 GeneS.
533 1341 584 1408 4,
611 1342 695 1392 21.
739 1339 879 1410 Rgn.
923 1341 967 1408 1,
998 1340 1078 1405 10,
1106 1339 1155 1392 5.
1221 1340 1460 1409 Denique
1499 1357 1775 1392 monemus
1813 1342 2048 1395 εὐτόνως
2086 1359 2291 1410 quoque
2329 1343 2472 1394 vocis

316 1429 522 1494 partem
548 1426 769 1478 alteram
804 1425 1158 1494 etymologice
1197 1443 1506 1478 conversam
1545 1443 1656 1477 esse
1683 1427 1747 1477 ab
1775 1429 2085 1494 interprete.
2149 1425 2287 1478 Nam
2314 1429 2472 1481 τόνος

317 1529 347 1560 a
386 1510 543 1564 τείνω
583 1511 826 1562 derivans
863 1528 1048 1562 vocem
1086 1511 1228 1574 v-olor
1265 1511 1297 1561 i.
1329 1529 1370 1562 e.
1398 1512 1651 1563 contorsit)
1690 1510 1946 1575 adhibuit,
1986 1514 2046 1562 ut
2072 1512 2471 1564 similitudinem

257 1611 296 1644 15
320 1595 552 1664 aliquam
589 1595 803 1647 referat.
881 1593 1014 1647 Cum
1052 1593 1205 1663 §baffi
1242 1596 1276 1647 i.
1306 1614 1348 1647 e.
1390 1596 1511 1648 beue
1558 1597 1908 1663 compositum
1957 1597 2473 1665 Qass-Qlor-ayau

318 1683 399 1731 est
434 1682 493 1732 iu
530 1682 740 1733 modum
778 1687 898 1734 benc
934 1682 1175 1746 contorti,
1221 1698 1324 1749 quo
1361 1680 1598 1732 redditur
1637 1682 1885 1735 εὐτόνως.

272 1835 279 1839 .
457 1764 606 1817 Haec
653 1765 819 1834 igitur
857 1769 937 1817 est
973 1766 1177 1817 indoles
1215 1765 1673 1833 interpretationis
1717 1767 2069 1818 armeniacae:
2120 1785 2328 1835 graeca,
2367 1767 2469 1836 syl-

316 1849 489 1918 labam
527 1849 638 1901 fere
677 1850 882 1919 syllaba
920 1850 1162 1917 reddenS,
1201 1852 1486 1902 Armenius
1525 1851 1797 1918 expressit,
1838 1869 1957 1903 raro
1985 1870 2198 1903 sensum
2223 1851 2472 1920 respexit,

318 1935 602 2003 particulas
641 1953 787 1997 ver0,
836 1935 1026 2004 quibus
1065 1953 1236 1987 sermo
1275 1936 1384 1987 eius
1424 1936 1625 2003 patrius
1667 1940 1837 2000 caret,
1884 1937 2041 1988 modo
2080 1936 2280 2004 omisit,
2320 1936 2473 1987 modo

255 2035 297 2065 20
321 2019 534 2071 liberius
581 2019 827 2072 reddidit.
905 2019 1101 2072 Moneo
1153 2038 1276 2072 vero
1323 2020 1574 2088 lectores,
1622 2039 1690 2072 ne
1728 2026 1979 2073 censeant
2016 2039 2170 2074 voces
2209 2023 2274 2073 ab
2312 2021 2472 2072 inter-

317 2109 466 2174 prete
513 2105 663 2156 fictas
710 2105 767 2157 in
815 2124 971 2157 usum
1018 2105 1232 2175 linguae
1278 2123 1390 2157 non
1428 2123 1539 2157 esse
1576 2108 1841 2173 receptaS,
1893 2106 2055 2158 immo
2095 2105 2277 2158 eodem
2315 2106 2473 2157 modo

318 2189 395 2241 uti
435 2189 665 2242 insulsae
705 2189 1018 2242 Latinorum
1057 2190 1557 2258 interpretationes,
1598 2189 1687 2258 qui
1726 2193 1956 2256 μετοχὴν
1985 2192 2357 2260 participium,
2397 2191 2473 2242 αἰ-

317 2277 547 2339 τιατικὴν
580 2276 980 2337 'accusativum,
1029 2278 1240 2341 γενικὴν
1275 2276 1566 2343 yeuetivum
1609 2274 1826 2327 reddere
1863 2292 1973 2326 non
2013 2275 2360 2341 erubuerunt,
2408 2275 2474 2326 ab

319 2359 566 2411 omnibus
614 2362 739 2411 sunt
785 2363 1052 2428 receptae,
1101 2360 1178 2413 ita
1214 2363 1269 2412 et
1304 2378 1460 2412 voces
1500 2360 1566 2411 ab
1605 2360 1898 2428 interprete
1935 2361 2311 2428 grammaticae
2350 2359 2475 2412 Dio-

255 2458 297 2490 25
320 2444 575 2512 nysianae
624 2444 688 2496 ad
739 2462 982 2496 normam
1031 2463 1276 2514 graecam
1323 2445 1585 2497 formatae
1634 2444 1821 2496 deinde
1867 2444 1924 2495 in
1970 2463 2247 2496 numerum
2285 2463 2475 2497 vocum

319 2530 632 2581 usitatarum
683 2530 1030 2582 intraverunt.
1106 2529 1219 2581 Iam
1258 2531 1301 2581 si
1352 2530 1467 2598 quis
1518 2529 1845 2595 armeniaca,
1895 2528 2042 2580 nulla
2079 2529 2259 2597 graeci
2296 2528 2475 2581 arche-

319 2613 435 2683 typi
473 2612 657 2665 habita
695 2615 926 2682 ratione,
976 2633 1036 2666 eo
1074 2614 1233 2666 modo
1272 2616 1327 2666 in
1367 2614 1525 2666 aliam
1563 2614 1804 2682 linguam
1843 2613 2206 2680 transtulerit,
2245 2618 2303 2665 ut
2342 2632 2474 2682 quae

319 2699 377 2750 in
424 2698 606 2750 lexicis
659 2698 921 2751 habentur
945 2700 1341 2752 -vocabulorum
1389 2698 1767 2751 technicorum·
1798 2698 2243 2766 explicationibus
2282 2702 2475 2765 utatur,

320 2801 492 2852 neque
529 2784 792 2852 explicare
829 2783 1116 2836 dictionem
1161 2787 1213 2835 et
1257 2783 1488 2835 indolem
1520 2783 1765 2851 Dionysii
1802 2783 2098 2835 armeniace
2133 2783 2338 2845 redditi,
2378 2801 2476 2834 nec

257 2882 298 2914 30
321 2886 433 2920 rem
459 2868 696 2920 criticam
725 2869 904 2920 iuvare
936 2869 1230 2920 censendus
1258 2869 1374 2920 erit.
1432 2868 1674 2919 Eundem
1706 2868 1864 2933 enim,
1894 2868 1936 2919 si
1965 2871 2109 2919 recte
2139 2867 2474 2928 intellexerit,

321 2971 533 3005 sensum
581 2971 644 3004 ex
689 2954 944 3006 Armenio
992 2957 1150 3022 atque
1197 2972 1259 3005 ex
1299 2953 1501 3005 Graeco
1549 2953 1737 3004 eliciet.
1820 2952 2005 3020 Itaque
2051 2952 2225 3020 ipsum
2271 2955 2473 3003 textum

322 3037 680 3089 armeniacum
727 3038 782 3090 in
833 3039 1124 3107 quamlibet
1160 3038 1399 3107 linguam
1436 3039 1744 3090 convertere
1781 3037 1998 3088 omnino
2035 3037 2224 3089 inutile
2264 3041 2368 3104 est3
2418 3055 2477 3088 ea

321 3123 496 3189 potius
545 3123 748 3174 ratione
793 3123 1071 3175 Armenius
1121 3126 1202 3175 est
1247 3122 1578 3184 tractanduS,
1627 3125 1687 3173 ut
1723 3121 1935 3190 singula
1971 3122 2134 3173 verba
2172 3121 2237 3173 ad
2274 3124 2477 3173 textum

323 3224 571 3275 graecum
611 3208 1010 3259 accuratissime
1049 3208 1400 3261 excutiantur.
1463 3206 1523 3258 Id
1560 3206 1695 3274 quod
1734 3205 2011 3258 Girbiedus
2047 3223 2152 3257 non
2192 3205 2476 3271 intellexit,

257 3305 299 3338 35
322 3309 472 3343 suum
496 3309 607 3343 esse
631 3291 732 3344 hoc
751 3292 1018 3360 opinatuS,
1042 3295 1102 3344 ut
1120 3291 1498 3361 francogallice
1521 3290 1853 3358 exprimeret,
1871 3307 2004 3358 quae
2026 3290 2322 3342 armeniace
2339 3290 2478 3341 dicta

324 3379 475 3443 sunt,
525 3376 601 3427 ita
647 3380 828 3428 tamen
865 3381 924 3428 ut
961 3378 1007 3428 ei
1046 3377 1135 3445 qui
1174 3376 1473 3429 armeniaca
1508 3393 1617 3426 non
1654 3375 1813 3442 legit,
1863 3373 2277 3443 francogallicae
2314 3375 2476 3426 inter-

325 3460 640 3527 pretationis
666 3480 762 3513 usu
790 3480 1003 3530 prorsus
1029 3461 1098 3513 sit
1123 3461 1513 3512 abstinendum.
1575 3459 1726 3521 Quod
1753 3463 1814 3510 ut
1838 3462 2151 3527 argumento
2177 3459 2474 3527 probemuS,

326 3547 485 3612 caput
523 3546 810 3597 secundum
847 3546 986 3614 quod
1025 3565 1184 3614 supra
1221 3563 1410 3614 graece
1448 3547 1501 3596 et
1539 3545 1835 3595 armeniace
1874 3543 2206 3595 exhibuimus
2240 3544 2344 3595 iam
2371 3542 2478 3592 tale

327 3630 482 3697 quale
530 3648 561 3681 a
600 3630 845 3683 Oirbiedo
892 3630 1272 3700 francogallice
1322 3647 1625 3697 expressum
1675 3633 1755 3680 est
1799 3628 2082 3680 lectoribus
2120 3627 2477 3695 proponimus,

263 3728 308 3759 4⁰
329 3714 475 3768 Dicit
510 3715 676 3784 igitur
713 3714 1015 3772 Girbiedus:
1913 3708 1919 3714 ¹

471 3800 559 3853 La
598 3787 791 3852 lecture*
817 3804 891 3851 cst
927 3800 1050 3852 l'art
1085 3801 1146 3852 de
1181 3801 1367 3852 rendre
1404 3799 1690 3866 fidelemcut
1716 3815 1827 3864 par
1864 3798 1918 3849 Za
1948 3797 2131 3863 parole
2168 3799 2276 3846 tout
2312 3811 2363 3845 cc
2388 3794 2479 3859 qui

331 3888 404 3937 est
438 3886 563 3937 c‘crit
596 3885 696 3937 soit
731 3901 793 3936 cu
829 3901 955 3952 verS,
994 3885 1093 3936 soit
1129 3902 1191 3936 eu
1222 3900 1391 3951 prosc.
1460 3882 1541 3934 Ou
1567 3882 1675 3934 doit
1699 3882 1753 3935 la
1773 3882 1917 3948 faire
1952 3898 2071 3934 avec
2096 3880 2476 3942 disceruemcut,

330 3986 363 4036 y
399 3970 632 4022 obscrvcr
668 3970 738 4021 les
773 3969 933 4035 rcyles
969 3969 1029 4019 de
1067 3969 1120 4022 la
1152 3969 1391 4035 prosodie
1429 3972 1476 4019 et
1509 3969 1570 4020 dc
1609 3968 1661 4019 la
1687 3968 1911 4019 division
1949 3964 2349 4032 (pouctuatiou),
2387 3979 2481 4014 car

333 4053 449 4105 c’est
490 4071 594 4119 par
641 4054 684 4106 lc
729 4053 1097 4105 discernentem
1140 4053 1295 4118 qu'ou
1333 4053 1576 4119 appliquc
1613 4053 1647 4103 ἀ
1685 4052 1882 4117 chaque
1918 4051 2149 4102 discours
2186 4047 2229 4100 le
2265 4051 2352 4099 tou
2389 4047 2480 4112 qui

2081 4147 2105 4175 e
2122 4133 2143 4154 t
