2814 4400
825 273 905 318 DE
933 272 1509 319 INTERPRETATIONE
1540 274 1800 321 SYRIACA
2277 276 2399 321 XLV

246 406 302 457 et
335 402 519 456 tabula
553 401 840 455 flexionum
866 401 1012 454 verbi
1048 402 1257 465 τύπτω,
1296 402 1354 453 in
1379 400 1425 453 B
1464 401 1607 454 solae
1645 405 1714 469 ἓξ
1745 405 1806 455 11
1835 407 1889 456 et
1920 403 1999 456 12.
2071 402 2397 455 dissentiunt

245 490 421 540 autem
457 487 601 539 inter
637 505 692 539 se
729 485 786 539 hi
823 486 945 538 libri
981 485 1040 537 in
1073 485 1299 554 singulis
1336 503 1541 554 quoque
1579 486 1752 538 verbis
1786 505 1897 540 non
1934 504 2192 556 nusquam
2232 487 2398 539 maxi-

246 589 478 640 mopere.
552 570 616 623 de
655 570 802 624 cuius
838 570 916 622 rei
955 569 1123 622 causis
1161 567 1395 621 Merxius
1433 573 1679 638 exponet.

386 653 895 723 Interpretandi
930 653 1102 706 ratio
1139 671 1244 722 qua
1280 670 1403 705 usus
1430 651 1592 721 Syrus
1631 672 1693 706 ex
1720 672 1943 724 graecae
1969 655 2183 725 linguae
2220 673 2397 725 gram-

203 755 225 788 5
247 740 444 794 matica
478 740 610 793 fecit
648 738 1019 808 compendium
1060 737 1394 806 vernaculae,
1432 737 1719 805 persimilis
1758 742 1839 791 est
1876 740 1924 791 ei
1964 757 2117 807 quam
2156 741 2399 793 observa-

247 842 363 878 mus
410 826 468 876 in
514 823 759 879 Armenii
805 822 1065 878 versione.
1139 839 1356 891 prorsus
1405 821 1642 874 simiae
1690 823 1756 875 in
1801 823 2055 875 modum
2105 841 2223 876 cum
2270 824 2401 876 alias

246 926 464 961 munere
502 927 596 962 suo
641 908 858 961 functus
905 909 986 959 est
1030 908 1144 959 tum
1191 906 1248 958 in
1296 905 1567 958 imitandis
1606 907 1859 975 exemplis
1897 908 2275 961 nonnullarum
2314 908 2401 961 ad-

246 993 416 1046 verbii
462 995 517 1046 et
553 991 943 1046 coniunctionis
980 990 1290 1059 specierum,
1338 990 1456 1043 vide
1494 990 1561 1043 ad
1601 990 1684 1058 78,
1715 993 1761 1044 1.
1803 991 1886 1058 79,
1918 994 1961 1047 1.
2000 992 2085 1057 88,
2113 993 2322 1058 3-89,
2349 992 2400 1045 2.

247 1077 334 1146 90,
366 1065 568 1146 1—91‚
607 1078 653 1128 1.
692 1076 777 1144 91,
811 1075 1022 1144 2—-92,
1063 1077 1108 1128 1.
1147 1075 1232 1144 92,
1258 1075 1397 1128 2-3
1438 1076 1637 1144 (ραι-ι-
1662 1076 1802 1144 enei,
1853 1077 1938 1129 ml
1965 1107 2029 1115 —
2055 1076 2237 1130 kuz—
2262 1077 2401 1150 dghu

183 1179 226 1212 ιο
246 1188 316 1206 =
342 1163 584 1238 ἐπείπερ,
644 1161 731 1216 sal
754 1191 822 1200 —
848 1161 948 1214 den
981 1186 1050 1204 =
1085 1160 1292 1226 ἐπειδή,
1346 1160 1436 1215 eal
1464 1192 1522 1199 —
1556 1160 1646 1214 kul
1670 1192 1730 1198 —
1769 1160 1868 1214 den
1896 1192 1957 1199 —
1985 1161 2127 1236 dghu
2162 1187 2230 1205 =
2264 1162 2400 1216 ἐπει-

245 1248 455 1315 δήπερ).

384 1330 522 1382 Aliis
573 1329 703 1382 locis
750 1329 843 1382 ubi
887 1332 1173 1399 praecepta
1219 1329 1463 1400 Dionysii
1510 1330 1594 1382 vel
1641 1329 1884 1400 exempla
1929 1330 2142 1400 integra
2190 1330 2401 1400 quidem

245 1414 445 1468 imitari
468 1414 618 1467 nullo
640 1416 798 1484 pacto
824 1417 1065 1484 poterat,
1105 1415 1396 1468 retinuit
1428 1417 1683 1484 partem
1723 1417 1917 1468 certe.
1967 1433 2167 1485 genera
2192 1415 2403 1468 articuli

244 1498 533 1568 Dionysius
590 1499 839 1552 inlustrat
892 1498 976 1552 his
1033 1499 1288 1569 exemplis
1335 1518 1371 1569 p
1407 1500 1490 1567 62,
1524 1500 1584 1553 2:
1640 1502 1671 1554 ὁ
1720 1502 1942 1567 ποιητής
2002 1501 2035 1566 ἡ
2091 1500 2295 1566 ποίηειε
2340 1501 2402 1553 τὸ

180 1602 222 1635 15
244 1584 472 1650 ποίημα,
524 1602 658 1653 quae
695 1584 960 1637 convertit
997 1583 1160 1654 Syrus
1198 1584 1286 1638 sed
1326 1584 1457 1654 ipsis
1495 1585 1734 1638 articulis
1773 1585 2000 1655 omissi37
2039 1584 2178 1638 sicut
2214 1585 2403 1636 Arme-

242 1669 393 1738 nius,
435 1669 565 1739 ‘quia
610 1669 817 1739 syriaca
862 1669 1046 1740 lingua
1092 1687 1201 1722 non
1238 1669 1415 1721 minus
1454 1687 1613 1738 quam
1651 1669 1957 1722 armeniaca
1994 1669 2216 1722 articulo
2252 1687 2403 1738 prae-

243 1753 475 1822 positivo
514 1756 671 1806 caret.
735 1753 935 1823 figuras
973 1755 1028 1806 et
1062 1753 1339 1806 nominum
1377 1756 1432 1806 et
1469 1753 1748 1807 verborum
1775 1755 1982 1824 syriaca
2007 1771 2215 1823 quoque
2240 1753 2403 1806 inter-

243 1837 475 1906 pretatio
511 1840 620 1890 tres
659 1841 938 1891 enumerat
962 1838 1047 1903 29,
1073 1839 1126 1892 5.
1165 1838 1251 1904 50,
1279 1839 1343 1908 33
1382 1840 1784 1905 παραευνθέτου
1822 1855 1947 1891 vero
1987 1840 2251 1906 εχήματοε
2289 1837 2403 1890 vice

244 1921 486 1992 fungitur
512 1923 1158 1991 plusquamcompositum.

179 2026 222 2061 20
385 2007 461 2060 At
508 2010 590 2060 est
625 2006 784 2060 etiam
824 2007 916 2060 ubi
965 2006 1126 2076 Syrus
1164 2026 1415 2079 graecum
1452 2009 1724 2078 exemplar
1759 2011 1940 2077 aperte
1977 2008 2191 2061 deserat
2227 2010 2403 2076 atque,

245 2091 386 2160 quod
440 2091 726 2146 Armenius
781 2110 1043 2162 nusquam
1098 2092 1256 2164 fecit,
1321 2093 1680 2146 discrimen
1736 2093 2165 2146 intercedere
2219 2093 2406 2144 inter

245 2174 652 2235 Graecorum
700 2180 763 2229 et
809 2177 1118 2247 Syrorum
1161 2178 1434 2247 linguas
1483 2178 1917 2247 profiteatur.
1994 2176 2240 2247 agnoscit
2275 2194 2404 2229 neu-

243 2263 386 2314 trum
432 2279 603 2331 genus
655 2264 709 2313 et
757 2261 965 2314 dualem
1010 2281 1290 2316 numerum
1335 2280 1460 2315 suae
1498 2262 1716 2332 linguae
1754 2263 1935 2315 deesse
1971 2280 2007 2330 p
2034 2261 2118 2325 24,
2147 2261 2196 2314 8.
2237 2260 2323 2328 30,
2350 2260 2402 2313 5.

243 2346 329 2414 51,
355 2346 389 2398 2
437 2345 559 2417 (nec
605 2364 842 2415 unquam
892 2346 1062 2399 dualis
1108 2346 1308 2400 formas
1355 2365 1576 2417 graecas
1623 2347 1916 2417 exprimere
1968 2349 2219 2415 conatur,
2265 2345 2401 2414 quod

181 2450 225 2481 25
247 2431 532 2483 Armenius
586 2431 780 2500 ubique
825 2431 994 2500 fecit).
1078 2431 1502 2501 praepositiones
1546 2433 1828 2485 secundum
1877 2432 2116 2499 linquam
2157 2443 2404 2498 yraecam

245 2514 612 2584 duodeviginti
638 2534 751 2569 esse
778 2517 931 2569 docet
966 2534 1001 2585 p
1030 2517 1113 2583 71,
1143 2517 1186 2570 1.
1251 2517 1368 2569 vide
1407 2518 1567 2570 etiam
1594 2516 1659 2569 ad
1686 2516 1770 2582 61,
1797 2516 1955 2569 3-4.
1996 2515 2083 2583 65,
2111 2515 2144 2566 2
2163 2547 2219 2553 -
2238 2515 2325 2582 66,
2354 2515 2402 2567 3.

386 2599 587 2653 Sacra
635 2601 933 2670 exempla
969 2601 1338 2654 nominalia
1375 2602 1683 2671 saepissime
1721 2599 1956 2670 praefert
1991 2599 2236 2668 profanis
2278 2598 2403 2651 Dio-

164 2696 166 2698 ’
244 2684 412 2753 nysii:
449 2703 486 2754 p
506 2685 592 2752 25,
618 2691 646 2738 9
677 2686 890 2752 (Levita
911 2685 1187 2757 Iudaeus).
1226 2687 1313 2756 27,
1340 2688 1475 2739 1-2
1499 2686 1749 2759 (pallium
1767 2685 1995 2752 IosepM,
2022 2686 2175 2753 virya
2193 2684 2405 2738 Ahara-

244 2770 355 2836 ni3‚
400 2770 613 2838 yladius
649 2769 923 2841 Goliathi).
979 2771 1063 2835 27,
1093 2771 1129 2823 4
1167 2772 1295 2842 (ecce
1327 2773 1456 2841 plus
1489 2789 1651 2839 quam
1675 2770 1929 2840 Salomo).
1981 2770 2069 2837 27,
2096 2770 2131 2822 5
2171 2768 2406 2837 (Salomo

184 2872 227 2906 30
247 2855 459 2922 sapiens
499 2855 609 2921 fuit
652 2856 822 2923 mayis
867 2871 1031 2922 quam
1075 2873 1251 2910 omnes
1294 2858 1397 2925 filii
1443 2855 1697 2927 orientis).
1752 2856 1840 2923 29,
1873 2856 1899 2906 1
1936 2857 1990 2906 et
2014 2854 2064 2907 6.
2102 2854 2188 2921 33,
2218 2854 2251 2905 6
2289 2853 2406 2905 aliis

246 2938 392 2992 locis,
444 2939 731 3008 aliquando
754 2938 1207 3008 etiam'syriaca
1242 2941 1461 2994 nomina
1497 2940 1714 3010 propria
1741 2939 1918 3007 habet,
1957 2938 2103 2991 velut
2138 2938 2222 3005 26,
2246 2937 2403 2989 2-6.

388 3022 463 3076 In
482 3025 672 3076 curia
708 3024 793 3077 vel
832 3041 1054 3077 errore
1093 3025 1305 3078 videtur
1342 3026 1409 3078 ab
1436 3025 1725 3094 archetypo
1763 3041 1955 3094 graeco
1980 3023 2257 3076 recessisse
2283 3039 2326 3075 e.
2353 3039 2405 3091 g.

246 3108 330 3174 49,
356 3109 506 3164 1-2,
547 3108 629 3174 73,
656 3109 704 3161 3.
1790 3125 1810 3134 ·

387 3192 514 3247 Non
563 3210 824 3263 nusquam
871 3212 937 3246 se
983 3194 1126 3263 ipse
1174 3194 1521 3264 corrigens
1570 3194 1751 3247 eadem
1799 3194 1961 3247 verba
2007 3193 2089 3245 bis
2129 3193 2406 3261 convertit,

184 3296 226 3328 35
248 3277 368 3331 vide
405 3278 472 3330 ad
508 3297 544 3347 p
572 3278 655 3346 76,
683 3278 840 3331 2-3,
879 3278 964 3346 63,
990 3279 1038 3332 2.
1076 3280 1159 3344 86,
1187 3280 1238 3332 3.

390 3362 524 3417 Cum
561 3363 819 3415 Armenio
860 3380 1138 3416 commune
1175 3364 1228 3415 id
1268 3381 1475 3432 quoque
1511 3363 1644 3433 Syro
1681 3365 1775 3427 est,
1815 3362 1953 3432 quod
1990 3362 2256 3414 interdum
2295 3380 2405 3414 ex-

249 3448 680 3517 planationes
718 3450 1018 3500 vetustas
1056 3465 1328 3517 graecas
1365 3466 1524 3517 quam
1561 3448 1679 3516 ipsa
1714 3448 1876 3501 verba
1900 3447 2233 3516 Dionysiana
2257 3447 2405 3514 sequi
2454 3475 2457 3477 ·

249 3532 451 3584 maluit.
527 3532 675 3584 cuius
724 3531 799 3584 rei
845 3533 1154 3585 testimonia
1206 3536 1348 3585 certa
1389 3532 1798 3601 deprehendisse
1842 3532 1977 3584 mihi
2026 3531 2205 3584 videor
2244 3531 2325 3594 76,
2353 3531 2402 3582 2.

248 3616 337 3683 38,
365 3617 413 3669 3.
453 3615 536 3680 39,
567 3617 613 3670 1.
651 3617 736 3690 47,
763 3617 811 3669 4.
850 3617 934 3686 86,
961 3617 1012 3673 4.
1083 3635 1146 3670 ac
1185 3617 1468 3670 verisimile
1505 3621 1634 3686 puto
1670 3617 1812 3669 idem
1848 3615 2048 3669 factum
2087 3633 2201 3668 esse
2238 3615 2324 3682 31,
2351 3615 2400 3665 4.

185 3700 334 3768 4032,
365 3702 410 3753 1.
449 3701 535 3769 67,
559 3700 610 3755 4.
649 3701 734 3769 75,
768 3704 809 3752 1.
848 3701 936 3769 85,
962 3702 1012 3755 2.

394 3784 780 3853 Scripturas
818 3786 895 3837 ab
933 3785 1201 3839 nostris
1239 3785 1517 3839 technes
1556 3785 1897 3839 codicibus
1935 3786 2403 3852 discrepantes

256 3869 313 3921 in
351 3888 445 3922 suo
472 3869 761 3937 exemplari
787 3868 950 3937 Syrus
988 3871 1195 3923 invenit
1231 3872 1319 3938 34,
1347 3871 1397 3923 3.
1436 3871 1523 3938 38,
1555 3872 1597 3926 1.
1634 3871 1719 3940 45,
1750 3872 1796 3922 1.
1837 3870 1922 3933 61,
1949 3870 1999 3921 2.
2040 3869 2124 3936 80,
2156 3870 2200 3919 l.
2242 3868 2324 3931 82,
2357 3870 2402 3919 1.

254 3954 336 4018 84,
364 3955 411 4007 3.
451 3954 538 4023 92,
569 3956 616 4007 1.
693 3953 755 4005 de
794 3953 912 4006 aliis
949 3954 1078 4007 locis
1118 3955 1478 4023 compluribus
1517 3955 1716 4010 dubito,
1746 3986 1812 3994 -—
