2814 4400
386 280 595 326 LXXXII
1048 281 1348 325 ADDENDA
1379 282 1458 326 ΕΤ
1491 281 1889 328 OORRIGENDA

509 407 590 463 ‘ad
610 410 712 477 16,
743 410 776 462 3
807 408 1058 478 [DISGR.
1083 409 1177 463 ΕΤ
1207 409 1513 483 TESTIM.]
1573 429 1692 463 cum
1722 410 2080 464 Choerobosci
2117 411 2233 464 loco
2271 431 2426 481 quem
2465 430 2549 465 ex-

386 498 571 565 scripsi
620 495 942 548 conferenda
989 513 1123 564 quae
1170 495 1424 566 leguntur
1463 495 1558 549 AO
1598 496 1623 548 I
1661 515 1695 565 p
1735 495 1810 548 VI
1858 514 1921 547 ex
1971 496 2322 564 epimerismis
2369 497 2553 550 Goisli-

385 583 535 634 niani
574 581 676 633 387
717 584 980 649 excerpta.
1058 581 1176 633 vide
1215 582 1376 633 etiam
1415 581 1479 632 Z.
1511 580 2035 649 Wiederherstelluny
2072 599 2107 648 p
2144 581 2229 634 63.

526 737 591 788 ad
633 736 725 804 16,
756 736 809 789 7.
874 736 1110 805 syllabae
1160 736 1521 789 definitionem
1571 737 1638 789 ab
1676 737 1900 789 lacunae
1940 736 2245 806 suspicione
2285 738 2554 791 vindicavi

383 822 445 874 Z.
486 821 1009 891 Wiederherstellunq
1045 841 1080 891 p
1120 822 1204 874 79.
2595 839 2616 871 5

525 979 592 1031 ad
634 978 722 1041 16,
751 980 782 1033 7
822 979 878 1031 in
917 998 953 1048 p
987 980 1046 1031 17
1093 976 1347 1045 [DISCR.
1374 977 1468 1030 ET
1494 977 1801 1048 TESTIM.]
1845 996 2052 1063 comma
2086 978 2396 1046 ponendum
2430 983 2555 1048 post

389 1064 661 1132 ‘epitoma'
702 1065 757 1117 in
798 1068 1034 1117 extrema
1071 1064 1215 1115 linea
1255 1066 1464 1131 quarta.

525 1222 591 1272 ad
634 1221 723 1288 17,
754 1221 783 1273 l
830 1219 1076 1292 [DISOR.
1105 1218 1199 1271 ET
1225 1217 1538 1287 TESTIM]
1593 1219 1674 1271 cfr
1699 1219 2017 1288 Apollonius
2045 1220 2108 1271 de
2135 1225 2330 1273 constr.
2358 1222 2440 1291 4²6
2461 1219 2553 1274 B.:

383 1308 936 1373 καταχρηετικώτερον
977 1306 1031 1359 αἱ
1067 1306 1506 1371 μονογράμματοι
1544 1305 1872 1372 ἑκφωνήεειε
1910 1307 2166 1373 ευλλαβαὶ
2203 1305 2456 1372 εἴρηνται.

524 1463 590 1514 ad
632 1462 723 1530 17,
751 1461 786 1516 3
829 1460 1077 1532 [DISCR.
1105 1460 1199 1514 ET
1236 1459 1557 1533 TESTIMJ.
1608 1460 1672 1512 In
1707 1461 2042 1530 praefatione
2080 1461 2229 1514 volui
2255 1462 2548 1515 latinorum
2572 1478 2614 1512 ιο

382 1548 854 1616 grammaticorum
893 1547 957 1599 de
995 1547 1213 1617 syllabis
1251 1547 1442 1616 longa,
1484 1546 1657 1615 brevi,
1695 1546 1967 1599 communi
2002 1550 2287 1616 praecepta
2322 1547 2399 1600 ita
2433 1565 2554 1600 cum

382 1633 559 1685 verbis
600 1632 946 1703 Dionysianis
987 1650 1321 1702 componere,
1361 1635 1422 1684 ut
1458 1631 1516 1683 in
1553 1649 1735 1701 progr.
1775 1632 2044 1702 gymnasii
2081 1631 2553 1703 Heidelbergensis

382 1738 426 1771 a.
463 1718 590 1771 1881
622 1738 656 1787 p
689 1719 895 1772 18-36
934 1718 1210 1787 composui
1237 1736 1372 1787 quae
1399 1717 1462 1770 de
1495 1717 1866 1770 adverbiorum
1893 1720 1946 1770 et
1970 1717 2552 1792 nominumbspeciebus

381 1799 560 1856 Thrax
609 1805 792 1857 docuit
839 1808 894 1857 et
942 1822 1076 1874 quae
1123 1804 1204 1856 illi
1250 1802 1599 1856 tradiderunt.
1673 1806 1729 1856 at
1775 1806 1962 1872 postea
2009 1802 2201 1856 melius
2238 1803 2414 1856 visum
2450 1806 2549 1871 est,

380 1909 491 1942 rem
530 1908 798 1943 reservare
838 1890 1019 1942 libello
1060 1890 1216 1942 alteri
1254 1888 1583 1943 scholastico,
2573 1904 2614 1937 15

524 2047 590 2099 ad
633 2047 725 2114 18,
754 2047 787 2100 3
828 2045 1078 2116 [DISOR.
1120 2046 1212 2099 ET
1251 2045 1559 2114 TESTIM]
1627 2044 1994 2098 Pseudodraco
2037 2045 2212 2115 14719:
2262 2046 2381 2111 ἤτοι
2419 2043 2550 2099 ὅταν

381 2134 454 2186 εἰ(
495 2134 593 2186 δύο
643 2134 903 2200 εύμφωνα
943 2135 1094 2203 λήγῃ,
1134 2132 1209 2185 ὼε
1248 2133 1307 2185 ἐν
1334 2136 1409 2200 τῷ
1450 2132 1566 2185 ἅλε
1606 2132 1806 2185 ἐλπίς.
1847 2162 1899 2168 --
1954 2129 2179 2199 [LECT.
2211 2128 2550 2199 ARMENII]

380 2218 680 2270 addendum
720 2224 861 2287 erat,
901 2236 1086 2271 vocem
1126 2216 1499 2285 armeniacam‚
1538 2233 1699 2285 quam
1736 2215 2002 2284 interpres
2038 2233 2135 2284 pro
2173 2215 2270 2269 ἅλε
2307 2214 2550 2284 exemplo

377 2303 575 2371 posuit,
616 2321 678 2355 ex
718 2304 1021 2372 antiquiore
1058 2302 1449 2371 pronuntiandi
1486 2301 1872 2354 consuetudine
1912 2295 2011 2355 alt}
2051 2319 2258 2354 sonare.

521 2460 586 2512 ad
630 2460 721 2528 19,
750 2460 893 2513 2-4
938 2458 1189 2527 [DISCR.
1218 2458 1309 2511 ΕΤ
1354 2458 1656 2527 ΤΕ8ΤΙΜ.]
1721 2458 2093 2510 Pseudodraco
2137 2459 2306 2528 14720:
2345 2459 2377 2523 ἢ
2417 2457 2614 2512 ὅτανιιο

379 2548 607 2599 διπλοῦν
647 2547 942 2613 εύμφωνον
982 2545 1298 2611 ἐπιφέρηται
1336 2544 1507 2608 ἤγουν
1546 2544 1728 2597 αὐτοῖς
1765 2545 2096 2611 προεκέηται,
2138 2545 2212 2597 ὡς
2239 2544 2297 2596 ἐν
2324 2547 2401 2612 τῷ
2429 2544 2549 2596 ἔξω
2585 2575 2588 2578 ·

378 2631 831 2694 Ἀριετόξενοε
874 2671 1085 2683 ......
1124 2631 1157 2695 ἢ
1196 2629 1327 2682 ὅταν
1368 2630 1440 2683 εἰς
1480 2633 1706 2683 διπλοῦν
1747 2631 2039 2696 (ύμφωνον
2080 2630 2213 2699 λήγῃ
2238 2629 2270 2693 ἡ
2299 2630 2548 2697 ευλλαβή,

380 2717 498 2769 οἷον
524 2718 731 2781 Ἄρα-ψ
770 2718 1018 2781 Πέλοψ.
1084 2714 1338 2783 exemplis
1376 2715 1543 2784 igitur
1570 2713 1913 2783 Dionysianis
1953 2714 2120 2766 altera
2156 2713 2316 2782 plane
2354 2713 2551 2765 similia

381 2801 555 2853 Draco
619 2801 833 2854 addidit.
922 2819 1016 2869 pro
1078 2802 1257 2866 Ἄραψ
1319 2799 1787 2869 technographum
1850 2800 1928 2866 ἄψ
2003 2800 2276 2869 scripsisse
2345 2798 2550 2852 conieci

379 2888 440 2939 Z.
481 2886 1003 2954 Wiederherstelluny
1039 2904 1074 2954 p
1104 2886 1183 2941 77.
1222 2917 1291 2923 -
1333 2884 1560 2954 [LEOT.
1600 2884 1940 2952 ARMENII]
1983 2884 2155 2953 quinti
2195 2883 2339 2937 modi
2377 2902 2549 2948 exem<
2572 2900 2615 2933 25

378 2973 526 3041 plum
567 2972 931 3024 armeniacum
970 2974 1049 3024 est
1086 2975 1191 3039 ats,
1231 2972 1265 3023 i.
1294 2989 1336 3024 e.
1377 2988 1569 3025 manus
1605 2971 1805 3024 deoetra.

521 3129 584 3181 ad
616 3129 708 3196 19,
736 3128 880 3181 2-4
921 3126 1168 3200 [DISOR.
1199 3127 1291 3180 ET
1317 3126 1627 3196 TESTIM.]
1680 3128 1734 3188 in
1782 3128 1927 3180 exitu
1971 3127 2335 3180 adnotationis
2377 3127 2549 3180 scribe

380 3218 419 3281 ‘(
427 3214 506 3266 cfr
544 3213 771 3268 Charis?
812 3232 907 3283 pro
947 3213 1047 3286 ‘(et
1085 3213 1312 3269 Charis,9

522 3358 588 3408 ad
637 3356 738 3425 2l,
780 3356 952 3410 1-3
1006 3355 1258 3428 [DISOR.
1308 3355 1401 3408 ΕΤ
1445 3354 1754 3425 TESTIM]
1829 3355 1905 3408 13:¹¹
1956 3356 2009 3407 in
2070 3355 2341 3408 codicibus
2398 3353 2547 3407 Basi—

379 3442 647 3495 leensibus
685 3442 886 3494 habent
922 3443 980 3496 ἑν
1020 3444 1276 3508 ευλλήψει
1313 3442 1579 3507 δηλονότι.
2567 3466 2611 3499 so

521 3599 586 3651 ad
636 3598 730 3666 21,
759 3600 792 3652 3
847 3596 1066 3670 [LECT.
1107 3596 1446 3667 ARMENII]
1494 3597 1639 3649 hunc
1686 3614 1897 3666 quoque
1944 3616 2154 3650 versum
2201 3596 2544 3650 Homericum

382 3685 665 3736 Armenius
704 3685 1102 3753 interpretatur.

521 3842 585 3893 ad
626 3839 720 3909 22,
751 3840 778 3893 l
807 3812 1074 3908 [DISOR.
1102 3839 1196 3893 ET
1222 3837 1533 3906 TESTIM.]
1569 3841 1653 3893 καὶ
1678 3842 1772 3905 τὴν
1806 3840 1924 3905 ἑξῆς
1960 3840 2053 3910 ἔχῃ
2090 3839 2199 3893 ἀπὸ
2226 3840 2543 3907 φωνήεντος

375 3927 679 3993 ἀρχομένην
719 3944 785 3978 ne
823 3926 880 3978 in
922 3925 1316 3978 Basileensibus
1355 3924 1567 3995 quidem
1606 3924 1876 3977 codicibus
1915 3925 2117 3977 habent
2153 3925 2252 3978 Bb.

518 4083 581 4134 ad
622 4083 716 4150 22,
745 4084 797 4136 3.
861 4082 928 4136 ab
966 4081 1066 4135 hac
1103 4083 1444 4151 paragrapho
1485 4081 1677 4150 incipit
1722 4081 2208 4151 interpretatio
2258 4079 2606 4150 syriaca&
2707 4086 2709 4089 ’
2790 4075 2795 4086 ²
