2808 4394
391 266 487 318 178
1119 254 1282 308 τρεῖς
1305 287 1354 294 -
1378 246 1819 308 ὙΠοΔιΑςτοΛιὲι

452 397 491 436 5.
512 393 783 445 usurpatur:
819 395 860 443 7,
892 395 932 435 4.
983 395 1050 443 17,
1080 395 1120 437 4.
1151 395 1218 443 20,
1249 394 1289 433 4.
1323 394 1392 443 26,
1417 395 1442 432 2

443 464 492 506 et
520 468 560 506 4.
602 467 669 516 27,
704 465 743 503 6.
784 466 851 514 30,
887 466 924 505 5.
964 464 1035 514 48,
1069 466 1105 506 1.
1146 465 1214 514 51,
1245 465 1283 504 2.
1318 464 1386 514 53,
1421 466 1440 503 1

443 535 491 577 et
521 539 559 577 3.
598 538 666 586 57,
697 537 736 576 5.
781 537 849 587 62,
883 537 924 580 3.
965 536 1034 586 76,
1066 537 1106 579 2.
1165 532 1272 586 τρία
1305 536 1373 585 10,
1404 536 1442 575 2.
1547 529 1794 584 Dionysius
1817 529 2015 574 forsitan
2038 530 2276 586 scripserit
2300 531 2432 575 Δίων

446 609 511 658 12,
545 609 571 647 5
592 602 677 647 bis.
722 608 784 657 13,
822 608 856 645 1.
892 607 956 655 14,
981 607 1022 646 4.
1059 607 1123 658 16,
1146 608 1185 645 4.
1216 606 1284 655 24,
1302 607 1342 646 8.
1373 607 1443 656 29,
1495 597 1702 659 Τρώων
1737 600 1786 642 in
1828 599 2044 656 exemplo
2075 614 2207 644 usum
2238 599 2548 657 comparativi

442 679 483 719 5.
514 677 583 729 50,
615 680 653 718 3.
684 678 753 727 51,
785 678 824 717 4.
858 679 926 726 62,
961 678 978 715 1
1015 674 1063 716 et
1093 678 1118 716 2
1545 671 1824 714 inlustrante
1857 675 1924 721 27,
1958 675 1984 714 5

385 758 570 817 τρέχω
611 758 878 814 exemplum
919 757 1150 802 secundae
1189 759 1443 815 barytono-
1490 739 1663 797 τύπος
1695 742 1750 818 et·
1770 742 1912 785 τύποι
1951 740 2008 784 de
2046 740 2208 785 formis
2237 741 2434 818 diversis
2463 755 2548 798 pa—

441 844 545 872 rum
577 828 919 884 coniugationis
951 833 1019 882 55,
1052 835 1076 871 2
1547 813 1939 867 tronymlcorum,
1987 812 2438 868 comparatlvorum,
2477 826 2550 855 su-

1544 388 1680 432 minis
1717 390 1872 433 locum
1915 402 1944 432 a
1973 390 2232 444 posteriore
2265 403 2406 432 manu
2438 388 2545 432 sub-

1545 460 1762 503 stitutum
1793 472 1914 503 esse:
1947 459 2067 502 Add.
2099 458 2329 503 LXXXVI
2361 465 2545 507 24—40.

1548 882 1883 938 perlativorum
1915 885 1982 935 26,
2019 886 2040 924 1
2073 882 2122 925 et
2150 887 2191 928 3.
2239 887 2308 936 27,
2341 886 2381 928 6.
2425 887 2493 934 28,
2523 887 2553 926 4

1494 955 1821 999 τυποῦσθαι
1853 959 2085 1007 γραμμαῖς
2118 953 2332 996 dicuntur
2362 952 2549 996 litterae

1551 1029 1593 1079 9,
1627 1030 1652 1067 3

1492 1091 1682 1140 τύπτω
1714 1095 1763 1137 et
1783 1095 2020 1148 τύπτομαι
2052 1093 2267 1150 exempla
2288 1093 2430 1138 activi
2450 1107 2550 1138 ver·

1548 1165 1711 1208 borum
1742 1164 1926 1220 generis
1951 1165 1999 1208 et
2017 1164 2193 1220 passivi
2222 1170 2290 1218 49,
2313 1170 2351 1208 1.
2380 1166 2551 1209 τύπτω

444 1225 639 1291 ΧΙῩ4Ο
1546 1237 1789 1280 τύπτετον
1837 1236 2082 1289 τύπτομεν
2133 1249 2203 1279 ex.
2254 1247 2554 1278 numerorum

386 1298 575 1356 τρίτος
606 1295 875 1350 exemplum
905 1296 1143 1339 nominum
1168 1295 1447 1339 ordinalium
1549 1305 1678 1349 verbi
1726 1311 1802 1358 51,
1842 1311 1867 1348 2
1914 1306 1962 1349 et
2006 1312 2046 1350 3·
2127 1306 2315 1362 [τύπτω
2361 1306 2555 1350 τύπτεις

444 1372 513 1422 44,
546 1373 585 1411 3.
630 1366 764 1421 τρίτη
797 1371 864 1420 55,
897 1372 935 1410 3.
978 1370 1046 1420 59,
1074 1371 1092 1408 1
1128 1367 1175 1409 et
1196 1371 1235 1410 8.
1284 1366 1447 1421 τρίτον

446 1444 486 1492 6,
519 1442 556 1481 1.
588 1441 656 1491 51,
677 1441 704 1479 4
735 1437 783 1479 et
813 1441 853 1480 5.
904 1437 1066 1491 τρίτου
1098 1440 1168 1492 58,
1195 1442 1231 1482 1.
1284 1437 1446 1492 τρίτης

385 915 504 974 τρίς
544 928 616 957 ex.
656 913 988 957 adverbiorum
1027 928 1274 958 numerum
1306 914 1447 970 signi-

441 984 680 1028 ficantium
712 989 779 1038 76,
816 991 829 1027 1

388 1072 409 1095 *
431 1071 728 1126 τριςύλλαβοι
758 1071 902 1114 πόδες
939 1075 1030 1126 117,
1067 1074 1107 1117 8.
1141 1075 1235 1126 118,
1271 1075 1296 1113 3

385 1156 721 1210 *τριτομόριον
772 1155 821 1197 in
875 1155 1205 1210 supplemento
1253 1154 1446 1198 metrico

1549 1445 1762 1489 VHAfb
1795 1450 1870 1501 51,
1903 1448 1965 1503 4.]
2045 1448 2216 1492 τύπτω
2266 1461 2335 1491 ex.
2373 1449 2552 1503 primae

445 1513 514 1563 59,
548 1511 574 1550 8
1547 1517 1799 1560 verborum
1860 1517 2013 1573 baryt.
2074 1517 2414 1574 coniugationis
2462 1530 2550 1573 pro

387 1578 672 1633 *ΤΡῖΧΡΟνΟΕ
703 1579 823 1622 πού(
859 1582 953 1633 118⁷
985 1583 1009 1621 ‘2
1042 1579 1090 1622 ef>
1120 1583 1159 1622 3·
1198 1582 1289 1628 119,
1321 1582 1347 1621 6
1548 1588 1714 1632 κόπτω
1757 1588 1839 1630 aut
1882 1588 2015 1631 iuxta
2061 1589 2229 1632 κόπτω
2266 1587 2471 1644 positum
2505 1588 2554 1631 in

387 1651 594 1709 τριχῶς
624 1653 691 1701 34,
723 1653 750 1691 4
1549 1658 1819 1702 erotematis
1857 1658 2212 1702 vetustioribus:
2252 1659 2312 1702 ad
2343 1663 2420 1713 54,
2451 1663 2476 1701 2
2506 1658 2555 1701 in

387 1718 615 1778 τρόπος·
676 1721 951 1775 πθῑηΤῑΚΟὺ(
989 1721 1199 1774 Τρόπθυ(
1240 1722 1286 1772 5,
1319 1723 1359 1762 5·
1393 1744 1446 1750 -
1547 1743 1578 1785 p
1611 1732 1678 1771 55.
1738 1729 1935 1772 *omnes
1974 1729 2191 1773 flexiones
2221 1730 2391 1773 τύπτω
2423 1728 2555 1773 verbi

370 1792 373 1794 ’
438 1791 504 1833 de
535 1789 686 1833 modis
717 1789 912 1833 diversis
944 1790 1232 1845 syllabarum
1262 1789 1446 1845 longae,
1551 1799 1658 1842 vide
1696 1813 1726 1854 p
1769 1800 2315 1856 125—132,‘excerptas
2352 1799 2459 1843 mag
2497 1812 2556 1845 ex

444 1860 615 1914 brevis,
647 1861 905 1903 communis
941 1865 1006 1915 17,
1038 1865 1078 1907 4.
1113 1865 1181 1916 19,
1214 1864 1253 1908 6.
1284 1865 1354 1915 20,
1385 1865 1413 1902 4
1551 1870 1802 1915 Theodosii
1826 1870 2128 1914 Alexandrini
2157 1870 2329 1927 regulis
2351 1869 2555 1914 verbali-

392 1945 655 2000 *rpoxotioc
691 1949 783 1999 118,
816 1951 853 1989 1.
889 1950 983 2000 122,
1020 1950 1086 1990 10.
1125 1949 1219 1999 124,
1250 1948 1292 1987 3.
1332 1945 1451 1988 κατὰ
1550 1941 1648 1987 bus,
1709 1941 1767 1985 de
1806 1940 1941 1984 huius
1971 1940 2311 1996 paradigmatis
2343 1940 2554 1985 Theodo-

446 2017 609 2071 τρίτον
638 2021 860 2070 τροχαῖον
894 2020 989 2071 123,
1023 2020 1064 2061 6.
1098 2020 1192 2069 124,
1226 2020 1250 2057 2
1553 2012 1668 2055 siani
1699 2011 2017 2055 dominatione
2048 2011 2154 2055 vide
2184 2010 2288 2054 LIII
2322 2015 2487 2055 16-25

390 2087 647 2142 †Tp1'1cpwv
669 2100 739 2129 ex.
755 2086 956 2130 nominis
988 2100 1015 2129 a
1039 2087 1226 2129 nomine
1251 2084 1454 2129 derivati
1497 2081 1673 2139 τυχόν
1710 2081 1978 2139 exemplum
2009 2081 2336 2126 adverbiorum
2369 2081 2555 2126 dubita-

447 2162 517 2212 29,
542 2162 582 2200 2.
633 2156 716 2200 ubi
746 2157 905 2200 tamen
936 2156 1122 2200 videtur
1151 2156 1200 2198 in
1231 2156 1349 2199 alius
1369 2167 1450 2198 no·
1554 2155 1757 2197 tivorum
1788 2158 1857 2208 80,
1888 2158 1914 2195 2

1456 2327 1514 2387 Τ

390 2444 428 2486 ἶ)
458 2440 635 2484 vocalis
666 2445 704 2494 9,
739 2446 777 2486 7.
813 2445 876 2494 10,
900 2445 925 2483 2
957 2440 1006 2483 et
1035 2444 1061 2484 5
1094 2439 1141 2484 et
1172 2445 1196 2483 6
1217 2439 1301 2483 bis.
1337 2444 1402 2493 16,
1427 2444 1451 2482 2

392 2514 527 2566 ὑγιὴς
560 2513 702 2566 φωνή
734 2513 817 2555 aut
836 2513 968 2566 ὑγιὴς
988 2511 1113 2555 τάςις
1136 2511 1182 2553 in
1203 2510 1451 2567 prosodiae

451 2582 720 2625 definitione
751 2581 1071 2625 Herodianea:
1115 2581 1174 2624 ad
1212 2585 1314 2635 105,
1351 2586 1371 2623 1
1405 2580 1453 2623 in

1555 2438 1787 2492 ὀνόματος
1809 2438 1982 2493 κυρίου,
2015 2438 2141 2494 quod
2161 2437 2553 2493 interpretamen-

1555 2578 1692 2627 dend.
1724 2579 2000 2623 LXXXVIII
2032 2584 2058 2623 5

450 2652 572 2698 med.
605 2651 780 2708 pagina
1495 2643 1637 2709 ὑπὲρ
1668 2649 1954 2706 praepositio
1986 2649 2218 2706 bissyllaba
2248 2655 2320 2704 72,
2351 2655 2376 2692 2

393 2717 581 2781 ὑγρός.
629 2723 748 2776 ὑγρὰ
787 2727 987 2777 ςτοιχεῑα
1026 2722 1207 2766 litterae
1246 2721 1453 2778 liquidae
1497 2715 1876 2780 ὑπερθετικόν
1922 2722 2073 2775 ὄνομα
2117 2733 2280 2764 ‘nomen
2317 2719 2560 2775 superlati-

1548 1378 1718 1420 τύπτει
1790 1389 1860 1419 ex.
1926 1389 2233 1431 personarum
2307 1376 2440 1420 verbi
2504 1376 2551 1419 in
2607 1377 2610 1382 '

1553 2510 1654 2551 tum
1684 2508 1881 2552 fortasse
1904 2508 2138 2553 convertit
2164 2507 2431 2552 Armenius:
2464 2507 2555 2550 Ad·
2629 2510 2635 2516 “

455 2798 519 2847 14,
554 2798 591 2836 9.
645 2794 791 2848 ὑγρόν
819 2793 1018 2837 fortasse
1048 2792 1296 2837 Armenius
1327 2792 1455 2849 lege-

452 2864 534 2907 bat
561 2876 646 2920 pro
678 2864 973 2917 ἀμετάβολον
1003 2868 1071 2917 21,
1108 2868 1132 2907 2

1555 2804 1662 2835 vam
1706 2791 1904 2848 (yradas
1947 2791 2260 2848 superlativas
2303 2804 2359 2835 ex
2399 2791 2560 2834 nostro

1555 2862 1777 2918 loquendi
1807 2864 1910 2918 usu)
1942 2867 2009 2913 25,
2044 2867 2082 2906 7.
2116 2867 2185 2915 28,
2221 2867 2246 2906 3

395 2930 554 2995 ὕδωρ
587 2934 854 2991 exemplum
886 2934 1087 2978 nominis
1118 2935 1327 2978 neutrius
1357 2934 1404 2979 in
1424 2940 1454 2991 β
1497 2927 1973 2993 ὐπερσυντέλικος
2014 2934 2186 2989 χρόνος
2222 2936 2400 2988 tempus
2434 2932 2558 2989 plus-

452 3005 707 3049 desinentis
744 3010 807 3059 16,
841 3010 865 3048 2

396 3073 518 3133 υἱός
549 3075 817 3131 exemplum
838 3074 1037 3119 nominis
1059 3076 1117 3119 ad
1141 3075 1316 3132 aliquid
1340 3077 1452 3120 dicti

453 3153 528 3201 35,
562 3151 587 3190 3
650 3145 939 3202 [exemplum
985 3150 1030 3192 ᾖ
1088 3146 1370 3202 diphthongi
1412 3146 1460 3190 in

454 3217 588 3260 codd.
621 3215 928 3260 deterioribus
960 3218 1009 3261 et
1039 3216 1143 3260 edd.
1180 3222 1244 3271 10,
1278 3219 1320 3274 7]

395 3285 562 3344 ὑμεῖς
592 3291 659 3341 67,
694 3291 713 3329 1
748 3287 852 3331 vide
885 3289 936 3332 εύ

1558 3003 1949 3061 qaamperfectam
1979 3007 2049 3057 53,
2082 3007 2108 3046 2
2140 3003 2189 3047 et
2207 3008 2247 3050 4.
2293 3004 2559 3060 *ὑπερςυν-

1561 3076 1750 3119 τελίκου
1791 3079 1871 3117 125
1908 3073 1975 3118 ΙΙΙ
2014 3079 2040 3118 9
2079 3074 2128 3118 et
2159 3078 2224 3118 18.
2289 3078 2369 3117 126
2406 3074 2450 3118 II
2487 3079 2555 3120 33.

1564 3150 1642 3189 127
1674 3145 1716 3188 II
1747 3150 1801 3189 29
1832 3145 1880 3189 et
1908 3150 1964 3190 32
1995 3144 2060 3188 III
2094 3149 2157 3192 16.
2194 3148 2271 3188 128
2301 3144 2321 3187 Ι
2357 3148 2405 3188 16
2430 3145 2486 3189 et
2505 3148 2559 3189 25

1560 3216 1603 3259 II
1633 3221 1701 3261 23.
1758 3220 1836 3259 129
1875 3215 1893 3258 I
1926 3221 1949 3257 2
1982 3216 2030 3259 et
2061 3219 2113 3260 13
2150 3215 2194 3258 Π
2225 3219 2292 3259 25.
2346 3220 2424 3260 130
2453 3214 2475 3258 I
2506 3220 2558 3260 37

1560 3286 1603 3330 11
1635 3291 1660 3329 2
1693 3285 1758 3329 III
1789 3291 1827 3329 2.
1863 3290 1939 3329 131
1973 3285 1994 3328 Ι
2026 3291 2092 3333 38.
2125 3285 2170 3328 ΙΙ
2201 3290 2226 3328 2
2256 3284 2324 3328 III
2359 3289 2410 3330 15

397 3360 595 3413 ὑμέτερε
643 3357 886 3401 vocativus
931 3357 980 3400 in
1026 3357 1184 3402 codice
1224 3357 1456 3402 Hambur-
1502 3352 1612 3404 ὑπό
1641 3355 1930 3414 praepositio
1959 3355 2194 3411 bisyflaba
2224 3360 2299 3410 72,
2330 3361 2369 3400 2.
2429 3370 2556 3402 usur-

455 3429 589 3486 gensi
633 3429 863 3471 tractatus
909 3427 966 3471 de
1010 3428 1337 3483 pronominum
1375 3428 1455 3473 fle-

456 3499 593 3543 xione
625 3499 673 3542 et
692 3498 739 3541 in
762 3497 1032 3541 erotematis
1053 3497 1454 3555 Tubingensibus:

457 3569 517 3613 ad
548 3574 616 3623 67,
649 3573 674 3612 6
705 3570 753 3611 in
785 3568 905 3612 med.
936 3582 967 3623 p
999 3573 1053 3612 68

399 3637 653 3701 ὕπαρξις.
702 3639 900 3693 ὕπαρξιν
930 3651 1023 3681 non
1055 3638 1320 3695 significant
1350 3652 1455 3684 con-

1559 3428 1700 3484 patur
1729 3440 1835 3469 cum
1873 3425 2094 3482 genetivo
2125 3424 2372 3471 coniuncta
2401 3431 2477 3482 66,
2511 3433 2556 3482 1;

1558 3513 1663 3543 cum
1694 3497 1957 3542 accusativo
1991 3500 2058 3550 26,
2091 3501 2114 3540 7

1500 3563 1876 3626 ὑποβέβληται
1914 3566 1971 3610 de
2011 3568 2164 3624 specie
2195 3579 2315 3622 quae
2347 3567 2558 3619 subiecta.
2595 3628 2600 3632 .

1560 3641 1630 3684 est
1658 3638 1820 3695 generi
1851 3642 1917 3690 23,
1949 3642 1975 3681 3

456 3710 718 3754 iunctiones
741 3721 857 3764 quas
877 3708 1215 3753 condicionales
1235 3724 1357 3754 nunc
1374 3724 1453 3754 vo·
1501 3712 1527 3739 ²¹³
1541 3709 1856 3763 ὑποδιαςτολή
1887 3707 1938 3750 id
1969 3707 2150 3763 signum
2182 3721 2274 3763 quo
2297 3721 2431 3754 voces
2452 3722 2557 3755 con-

458 3795 614 3825 camus
665 3780 954 3835 (ςυναπτικοί
1002 3780 1259 3836 ςύνδεςμοι)
1306 3785 1383 3835 91,
1417 3786 1456 3835 2,

457 3851 538 3895 sed
570 3863 653 3894 eae
685 3862 803 3904 quae
835 3849 1041 3892 causales
1070 3849 1208 3893 hodie
1233 3851 1459 3894 vocantur

457 3919 904 3976 (παραςυναπτικοί)
944 3923 1023 3973 92,
1056 3924 1095 3962 2.
1129 3945 1182 3952 —-
1213 3921 1458 3976 ὑπάρξεως

459 3991 686 4035 vocabulo
724 3990 1061 4045 interpretatur
1091 4005 1207 4033 unus
1241 4005 1296 4035 ex
1326 3991 1457 4035 scho-

459 4061 607 4105 liastis
659 4062 815 4105 οὐςίας
873 4073 1040 4104 nomen
1091 4060 1138 4102 in
1188 4060 1457 4105 definitione

1558 3781 1674 3824 fines
1723 3778 2094 3834 distinguuntur3
2147 3791 2268 3832 quae
2319 3779 2556 3825 distinctio

1557 3851 1605 3894 in
1656 3851 1936 3907 προςῳδιῶν
1983 3863 2226 3894 numerum
2274 3849 2427 3894 relata
2471 3852 2559 3906 est,

1557 3920 1749 3978 speciali
1787 3922 1944 3965 autem
1975 3921 2164 3964 nomine
2202 3922 2313 3977 (una
2342 3933 2444 3964 cum
2477 3921 2556 3965 eli-

1559 3992 1687 4036 sione
1727 3992 1774 4036 et
1805 3991 2128 4035 coniunctione
2152 3991 2345 4034 duarum
2371 3992 2555 4046 vocum)

1558 4063 1708 4108 πάθος
1740 4061 2003 4119 appellata:
2037 4066 2138 4114 106,
2172 4065 2192 4103 1
2227 4061 2274 4104 et
2303 4065 2341 4104 5.
2384 4066 2486 4118 107,
2517 4065 2554 4111 5.

2786 3793 2795 3812 ''
2797 3659 2808 3723 n-—‘
2798 3531 2808 3619 ..:..;
2796 3496 2808 3505 ἴ
2802 3412 2808 3468 .-..
2805 3361 2808 3368 .
2803 3331 2808 3339 -.
2799 3239 2808 3271 -..·
2799 3196 2808 3206 .·
2802 3146 2808 3150 .
2795 3086 2798 3089 ¹
