2808 4394
381 301 485 355 218
1020 298 1380 343 EXPLICATIO
1412 298 1907 346 COMPENDIORVM

644 428 875 477 editiones
904 427 1241 471 Barkerianam
1274 428 1321 471 et
1352 425 1725 471 Schmidtianam
1755 427 2004 484 prosodiae
2037 428 2297 474 catholicae
2318 429 2548 474 Herodia-

639 512 761 542 neae
793 499 852 543 ab
885 497 1085 542 Arcadio
1114 497 1194 542 vel
1224 497 1488 542 Theodosio
1520 497 1568 540 in
1601 496 1858 554 epitomam
1890 498 2123 544 redactae.

379 570 441 614 Io.
475 569 606 614 Alex.
637 590 691 606 =
723 568 910 614 Ioannis
948 568 1257 613 Alexandrini
1294 570 1456 614 τονικὰ
1496 570 1889 625 παραγγέλματα,
1938 570 1996 614 ab
2037 569 2319 616 GrDindorfio
2357 571 2543 628 Lipsiae

643 645 753 685 1825
784 640 926 684 edita.

380 711 525 766 Lasc.,
561 712 742 757 Lascar.
774 733 830 748 =
862 711 1155 756 Constantini
1184 711 1394 755 Lascaris
1434 711 1645 767 epitoma
1682 712 2033 767 grammaticae.
2093 711 2295 769 paginae
2327 726 2444 768 quas
2472 714 2542 758 in·

639 781 794 827 dicavi
824 783 934 826 sunt
963 782 1182 827 editionis
1213 781 1410 825 Aldinae
1442 796 1481 825 a.
1518 787 1638 826 1557.

380 851 580 908 Longin.
613 853 661 896 in
692 853 946 908 Hephaest.
969 875 1024 890 =
1044 854 1383 911 prolegomena
1412 852 1613 910 Longini
1642 853 1691 896 in
1721 852 2084 910 Hephaestionis
2115 854 2408 900 enchiridion
2439 859 2546 912 περὶ

638 926 844 980 μέτρων.
904 925 1107 982 paginae
1138 924 1329 969 notatae
1362 924 1470 967 sunt
1499 922 1718 967 editionis
1748 923 2149 980 Westphalianae.

386 994 584 1050 Niceph,
614 995 862 1043 Blemmid.
894 1015 950 1034 ==
979 994 1235 1053 Nicephori
1265 994 1559 1039 Blemmidae
1591 993 1802 1051 epitoma
1829 994 2026 1052 logicae.
2077 997 2278 1054 paginae
2310 997 2418 1041 sunt
2447 998 2546 1043 edi·
2638 1036 2641 1037 γ

634 1066 774 1111 tionis
807 1066 1046 1123 Wegelini
1080 1071 1201 1111 1605.

379 1136 629 1184 Phavorin.
663 1158 718 1174 =
748 1138 1002 1182 Phavorini
1036 1137 1264 1182 Camertis
1293 1138 1493 1183 lexicon.
1554 1137 1759 1195 paginae
1791 1151 1908 1193 quas
1939 1137 2202 1195 significavi
2233 1140 2343 1185 sunt
2373 1141 2539 1187 editio-

633 1210 704 1252 nis
734 1209 1016 1253 Basileensis
1047 1223 1087 1253 a.
1121 1213 1245 1256 1538.

378 1278 590 1324 Philemo
628 1302 684 1317 =
720 1279 1190 1337 Pseudophilemonis
1243 1279 1429 1325 lexicon
1480 1280 1859 1336 technologicum
1911 1280 1970 1325 ab
2011 1280 2197 1325 Osanno
2234 1281 2387 1328 Berol.
2432 1288 2537 1329 1821
2630 1312 2633 1313 ν

636 1351 830 1397 editum.

382 1420 563 1466 Psellus
600 1423 649 1465 in
682 1422 901 1479 ἑρμηνείᾳ
932 1443 987 1458 =
1017 1422 1261 1467 Michaelis
1291 1422 1433 1466 Pselli
1472 1422 1690 1478 ἑρμηνεία
1719 1427 1822 1466 τῶν
1853 1423 2033 1466 δαεέων
2065 1426 2140 1468 καὶ
2171 1427 2326 1479 ψιλῶν
2357 1428 2433 1470 καὶ
2466 1428 2544 1481 μὲ-

633 1507 729 1537 (ων
769 1495 1032 1548 στοιχείων,
1085 1507 1113 1537 a
1145 1493 1428 1538 Boissonado
1468 1494 1577 1550 post
1616 1493 1826 1537 eiusdem
1855 1492 1999 1538 Pselli
2040 1494 2099 1538 de
2131 1495 2404 1551 operatione
2435 1496 2543 1541 dae-

636 1578 827 1608 monum
858 1564 1076 1608 libellum
1108 1579 1147 1609 a.
1183 1570 1290 1610 1838
1322 1565 1465 1609 edita.

380 1634 561 1679 Psellus
597 1636 646 1678 in
685 1636 856 1690 (τίχοιε
894 1636 978 1679 aut
1014 1636 1193 1679 nudum
1223 1635 1366 1679 Pselli
1395 1650 1566 1680 nomen
1596 1656 1651 1672 =
1682 1635 1927 1679 Michaelis
1957 1635 2102 1680 Pselli
2133 1636 2275 1693 ετίχοι
2308 1641 2544 1693 πολιτικοὶ

632 1709 739 1762 περὶ
769 1711 855 1762 τῆς
884 1711 1206 1763 γραμματικῆς
1237 1721 1266 1750 a
1294 1706 1582 1751 Boissonado
1614 1705 1826 1751 anecdot.
1857 1706 1894 1751 t.
1927 1706 1993 1749 III
2025 1707 2156 1751 editi.

377 1777 719 1822 Pseudochoer.
758 1799 813 1815 =
852 1777 1342 1824 Pseudochoerobosci
1382 1776 1668 1836 epimerismi
1706 1777 1754 1820 in
1794 1777 2000 1834 psalmos
2039 1791 2067 1821 a
2105 1777 2352 1823 Gaisfordo
2395 1778 2542 1827 Oxon.

636 1854 743 1893 1842
775 1865 821 1906 p.
854 1849 883 1893 i.
916 1849 1045 1897 facti.
1439 1852 1443 1855 “

379 1921 709 1965 Pseudodraco
739 1941 795 1958 =
814 1911 946 1966 >liber
977 1923 1084 1977 περὶ
1115 1923 1302 1977 μέτρων
1333 1921 1559 1965 Draconis
1590 1921 1779 1965 nomine
1811 1922 2003 1964 ornatus
2034 1933 2175 1976 quem
2207 1920 2356 1965 edidit
2383 1921 2570 1967 GHer·.

635 2006 832 2036 mannus
867 1997 988 2036 1812.
1816 2008 1831 2013 ‘

377 2063 526 2108 Schol.
560 2077 651 2108 rec.
682 2063 731 2106 in
762 2063 914 2120 Heph.
946 2085 1002 2100 =
1033 2063 1212 2109 scholia
1242 2064 1505 2108 recentiora
1533 2064 1582 2107 in
1613 2061 1975 2119 Hephaestionis
2005 2061 2298 2106 enchiridion
2329 2067 2435 2120 περὶ
2467 2066 2543 2120 με’-

631 2149 776 2190 τρων,
807 2148 928 2189 quae
962 2134 1280 2192 Westphalius
1313 2135 1525 2181 ΣΧΟΛΙΑ
1558 2137 1591 2180 Β
1624 2134 1849 2192 appellat.
1908 2133 2094 2176 numeri
2122 2133 2404 2191 paginarum
2435 2138 2544 2181 sunt

633 2205 853 2250 editionis
884 2205 1268 2261 Westphalianae
1301 2206 1368 2263 (in
1399 2206 1680 2263 scriptorum
1711 2205 1892 2251 metric.
1925 2219 1996 2262 gr.
2029 2203 2063 2250 t.
2098 2203 2155 2259 I).
2551 2215 2556 2220 ’

376 2277 528 2321 Schol.
560 2276 684 2324 Saib.
715 2278 765 2321 in
795 2278 946 2334 Heph.
978 2299 1033 2314 =
1064 2277 1243 2321 scholia
1270 2276 1578 2322 Saibantiana
1607 2277 1656 2320 in
1687 2274 2051 2333 Hephaestionis
2083 2275 2390 2333 enchiridion,
2421 2291 2542 2335 quae

632 2348 955 2406 Westphalius
987 2349 1197 2394 ΣΧΟΛΙΑ
1233 2350 1268 2392 Α
1299 2349 1524 2406 appellat.

379 2420 620 2476 Syncellus
650 2441 705 2457 =
735 2419 980 2464 Michaelis
1019 2419 1224 2476 Syncelli
1260 2419 1381 2464 liber
1421 2422 1528 2475 περὶ
1567 2418 1830 2464 ευντάξεωε
1869 2423 1970 2462 τῶν
2007 2419 2257 2474 ῥημάτων,
2308 2421 2389 2475 qui
2427 2420 2544 2465 olim

632 2491 834 2549 Georgio
873 2491 1115 2548 Lecapeno
1155 2491 1468 2539 tribuebatur,
1536 2490 1756 2534 foliorum
1801 2488 1985 2533 numeri
2033 2502 2149 2545 quos
2194 2487 2399 2534 indicavi
2436 2493 2547 2537 sunt

638 2563 858 2607 editionis
889 2563 1088 2607 Aldinae
1121 2577 1161 2607 a.
1194 2566 1315 2606 1525.

381 2633 656 2678 Theodorus
684 2653 741 2672 =
771 2634 1006 2679 Theodori
1035 2633 1280 2678 Prodmmi
1317 2633 1546 2689 expositio
1578 2634 1685 2688 περὶ
1715 2636 1815 2675 τῶν
1846 2633 1974 2676 ὀκτὼ
2008 2635 2094 2675 τοῦ
2127 2632 2273 2685 λόγου
2305 2637 2465 2688 μερῶν
2496 2634 2546 2678 et

634 2705 906 2762 explanatio
938 2718 1167 2749 canonum
1190 2703 1647 2760 Theodosianorum,
1682 2716 1798 2760 quas
1829 2702 2147 2760 Goettlingius
2177 2702 2225 2746 in
2254 2702 2543 2748 «Theodosii

635 2777 945 2821 Alexandrini
990 2776 1334 2833 grammatica»
1387 2791 1418 2833 p
1459 2779 1684 2820 80-197
1724 2773 1897 2830 edidit,
1950 2774 2058 2818 vide
2097 2773 2293 2830 praefat,
2335 2782 2544 2820 nostram

681 2848 719 2890 X
948 2883 955 2891 .

379 2920 609 2966 Theodos.
636 2848 697 2957 X=
724 2848 979 2965 {Xelddgii
1008 2918 1314 2964 Alexandrini
1344 2931 1547 2962 canones
1576 2917 1837 2962 nominales
1869 2919 1917 2962 et
1947 2917 2181 2971 verbales‚
2211 2929 2328 2972 quos
2358 2916 2541 2962 Bekke-

633 3006 711 3035 rus
743 2991 1080 3036 anecdotorum
1112 2992 1144 3034 t.
1177 2989 1243 3033 III
1272 3005 1317 3047 p,
1349 2990 1379 3032 i.
1411 2989 1536 3036 fecit.

382 3062 588 3120 Theogn.
619 3084 674 3100 =
715 3062 1004 3118 Theognosti
1043 3062 1234 3119 regulae
1276 3059 1693 3116 orthographicae,
1740 3074 1856 3116 quas
1898 3059 2143 3105 Cramerus
2189 3058 2350 3104 anecd.
2395 3059 2542 3106 Oxon.

631 3136 664 3178 t.
695 3134 739 3178 II
771 3134 930 3179 edidit.

380 3204 585 3254 Timoth,
616 3206 724 3250 Gaz.
746 3226 800 3243 =
822 3204 1059 3249 Timothei
1089 3203 1262 3248 Gazaei
1293 3217 1494 3248 canones
1525 3202 1583 3248 de
1615 3203 1802 3258 syntaxi
1832 3203 2116 3255 litterarum,
2149 3214 2266 3257 quos
2296 3201 2542 3247 Cramerus

635 3277 797 3321 anecd.
830 3276 976 3320 Paris.
1007 3277 1040 3319 t.
1071 3274 1136 3319 IV
1168 3275 1333 3322 edidit.

381 3348 574 3392 Tzetzes
606 3362 737 3404 exeg.
760 3348 809 3390 in
831 3347 884 3390 Il.
914 3368 969 3383 =
1000 3346 1186 3390 Ioannis
1223 3345 1420 3389 Tzetzae
1454 3345 1724 3402 explanatio
1756 3345 2015 3402 primorum
2046 3344 2234 3388 centum
2265 3344 2314 3387 et
2344 3342 2543 3388 duorum

633 3432 853 3463 versuum
899 3418 1056 3461 Iliadis
1103 3431 1243 3473 quam
1291 3415 1625 3461 GHermannus
1676 3417 1784 3472 post
1827 3412 2230 3461 Pseudodraconis
2268 3412 2441 3458 librum
2479 3413 2539 3460 de

633 3489 795 3534 metris
828 3489 1052 3548 vulgavit.
