2808 4394
316 343 318 345 ,
388 292 490 344 100
1041 295 1066 344 ς
1097 296 1152 335 20
1183 292 1312 345 (2510)
1373 290 1461 334 Ex
1491 292 1638 336 REO.
1667 264 1949 337 Pmoun.

386 418 503 472 οὖν
564 419 672 471 κέν
733 419 823 481 γέ.
2565 438 2741 476 πων

525 504 674 556 Τινὲς
713 504 772 556 δὲ
808 504 1139 568 προετιθέαει
1175 506 1262 557 καὶ
1297 505 1798 574 έναντιωματικούε,
1820 506 1957 577 ,οἷον
1995 507 2022 560 ἕ
2035 525 2202 573 μπηε
2237 509 2268 562 ὅ
2281 527 2314 574 μ
2327 527 2370 561 ω
2386 527 2427 563 c.
2448 521 2456 524 ⁴
2565 521 2607 553 15
2642 549 2648 553 -

383 685 751 741 [DISCREPAN'HA
775 700 1062 730 scnwrvnn:
1092 703 1142 731 nv
1173 687 1654 746 MLGBTVHAfb]
1723 687 1752 735 2
1782 689 1830 732 in
1861 703 1942 746 mg
1963 689 2127 734 dextro
2150 691 2380 735 exteriore
2402 693 2461 736 ab
2486 691 2543 734 L¹

381 755 498 800 haec
529 756 691 800 addita
720 758 847 801 sunt:
878 758 1017 818 τέλος
1043 761 1147 801 τῶν
1178 760 1306 802 ὀκτὼ
1340 764 1499 814 μερῶν
1527 764 1614 804 τοῦ
1645 761 1789 814 λόγου
1831 773 1869 813 -2-
1909 761 2064 816 ετίχοε
2092 764 2195 806 τῶν
2225 762 2352 806 ὀκτῶ
2385 766 2543 818 μερῶν

380 831 467 871 τοῦ
499 829 643 882 λόγου
674 829 905 884 ὀμηρικὸε
927 830 1106 874 τέλειος
1129 831 1203 872 καὶ
1235 831 1485 886 ἔμμετρος·
1521 832 1637 885 πρὸε
1666 830 1715 874 δέ
1751 844 1807 885 με
1837 833 1926 876 τὸν
1956 833 2189 888 δύετηνον
2216 833 2284 876 ἔτι
2316 834 2543 889 φρονέον-

380 898 425 941 τ’
455 898 635 954 ἐλέαιρε
664 899 737 956 <Χ
768 899 856 955 59)

379 1053 760 1109 [DISCREPANTIAE
783 1073 839 1100 ΕΤ
864 1072 1148 1101 ΤΕεΤΙΜοΝῙΑ
1179 1072 1414 1101 scflomon.
1441 1061 1508 1111 (Σ
1517 1059 1568 1114 σ)
1608 1072 1919 1102 EROTEMATVM
1944 1060 2026 1115 (Ε)
2055 1073 2266 1104 Amonvm
2292 1060 2542 1119 sempron]

381 1125 570 1178 ἑμεῖο>>ε
606 1129 667 1170 ’τὸ
698 1132 786 1171 νῦν
824 1130 1185 1183 περιεπαετέον,
1228 1131 1316 1172 κᾶν
1355 1130 1591 1186 παρέλκῃ,
1631 1129 1691 1173 ad
1729 1130 1769 1173 Φ
1800 1134 1905 1174 428:
1948 1130 2128 1185 εἴρηται
2165 1131 2240 1174 ὅτι
2268 1130 2326 1174 τὸ
2356 1135 2444 1175 νῦν
2473 1132 2546 1176 ἀεὶ

379 1197 507 1251 παρὰ
537 1202 608 1254 τῷ
640 1204 813 1254 ποιητῇ
845 1202 1139 1254 περιεπᾶται,
1170 1202 1316 1254 χωρὶς
1348 1200 1388 1243 εἰ
1419 1202 1479 1254 μὴ
1513 1201 1683 1255 μέτρον
1714 1201 1904 1256 κωλύοι,
1937 1201 2001 1244 ὡς
2024 1202 2102 1245 ἐπὶ
2131 1205 2218 1245 τοῦ
2249 1202 2425 1257 «δεῦρό
2454 1216 2543 1246 νυν

379 1267 409 1320 ἢ
439 1267 699 1321 τρίποδος»
729 1271 804 1324 <Ψ
834 1270 950 1327 485>
979 1272 1057 1313 καὶ
1085 1268 1329 1314 «ἐκτελέει
1368 1271 1451 1314 ὅεα
1482 1272 1576 1314 πού
1608 1285 1695 1314 νυν
1726 1271 1977 1318 ἐέλπεται»
2007 1273 2035 1328 <
2046 1273 2077 1316 Κ
2112 1273 2248 1328 105),
2282 1271 2341 1315 ad
2374 1273 2406 1316 Κ
2441 1276 2543 1325 1052

377 1337 436 1379 τὸ
466 1342 555 1381 νῦν
585 1339 749 1383 ἐνθάδε
789 1342 1072 1385 ευεταλτέον
1110 1342 1182 1384 διὰ
1211 1341 1269 1383 τὸ
1309 1342 1504 1396 μέτρον,
1545 1341 1605 1384 ad
1635 1343 1675 1385 Ψ
1705 1345 1811 1386 485:
1851 1343 2017 1386 ἐνθάδε
2048 1343 2106 1386 τὸ
2137 1346 2223 1387 νῦν
2264 1344 2545 1387 ευεταλτέον

378 1408 452 1451 διὰ
482 1410 538 1452 τὸ
561 1411 764 1465 μέτρον,
805 1411 865 1454 ad
896 1414 931 1456 Α
963 1415 1068 1455 421:
1100 1411 1158 1454 τὸ
1189 1414 1277 1454 νῦν
1307 1411 1413 1455 ἀντὶ
1443 1415 1529 1455 τοῦ
1562 1412 1639 1467 δή·
1680 1414 1751 1457 διὸ
1782 1414 1858 1457 καὶ
1888 1414 2169 1469 Τυραννίων
2198 1412 2329 1479 ἠξίου
2359 1415 2544 1459 ὀξύνειν

381 1481 518 1535 αὐτό,
550 1480 637 1523 οὐκ
667 1481 731 1524 εὖ.
792 1495 904 1540 ergo
935 1495 1030 1526 non
1067 1480 1464 1538 significationum
1503 1482 1777 1527 diversitate
1815 1483 1940 1528 inter
1977 1498 2026 1528 se
2058 1475 2231 1527 distare
2269 1488 2356 1529 νῦν
2387 1485 2436 1529 et
2465 1498 2542 1529 en-

380 1550 588 1595 cliticum
619 1545 705 1597 νῦν
735 1553 958 1597 censebat
977 1552 1287 1607 Herodianus,
1322 1553 1405 1597 sed
1433 1553 1660 1610 temporis
1691 1554 2037 1610 correptionem
2068 1556 2117 1598 et
2143 1555 2320 1598 tenoris
2350 1555 2544 1612 genuini

378 1621 760 1669 immutationem
796 1624 973 1681 positas
1011 1637 1111 1669 esse
1150 1624 1198 1666 in
1238 1624 1516 1668 necessitate
1553 1625 1763 1670 metrica.
1823 1625 1887 1668 At
1924 1625 2235 1681 posteriorum
2273 1626 2544 1683 grammati·

380 1706 538 1737 corum
575 1695 790 1751 plerique
829 1695 1066 1752 expletivo
1105 1697 1191 1741 W
1232 1695 1445 1739 vocalem
1483 1698 1748 1752 correptam
1781 1697 1829 1740 et
1865 1697 2080 1740 tenorem
2121 1697 2312 1740 acutum
2349 1696 2544 1741 inclina-

378 1740 524 1808 bifem
568 1765 866 1827 tribuebant,
909 1767 1163 1823 temporali
1205 1767 1485 1824 productam
1523 1773 1550 1809 ῡ
1588 1767 1798 1833 litteram
1841 1767 2149 1823 tenoremque
2195 1766 2545 1829 circumfleigum

378 1835 689 1881 immobilem:
730 1837 838 1881 vide
869 1837 996 1882 locos
1032 1838 1081 1881 in
1111 1838 1265 1882 indice
1297 1838 1382 1881 sub
1415 1842 1503 1882 νῦν
1535 1838 1803 1894 exscriptos.
1864 1852 1959 1894 qua
1988 1838 2287 1883 distinctione
2326 1837 2544 1883 effectum

381 1907 466 1961 est,
498 1908 553 1950 ut
581 1908 840 1963 posteriore
881 1922 997 1953 aevo
1028 1909 1509 1966 parapleromaticum
1539 1911 1626 1954 νύν
1654 1913 1769 1953 ‘cum
1802 1910 1859 1953 νύ
1892 1909 2037 1965 (quod
2067 1923 2161 1954 non
2191 1909 2342 1954 solum
2371 1909 2562 1966 Diony--

380 1977 487 2032 sius,
520 1978 602 2022 sed
634 1979 776 2023 etiam
809 1979 1086 2036 Apollonius
1117 1981 1166 2024 et
1194 1979 1488 2024 Herodianus
1519 1980 1577 2023 ab
1609 1984 1696 2024 νῦν
1728 1983 1776 2024 et
1805 1981 1892 2024 νύν
1923 1981 2276 2038 separaverant)
2316 1978 2543 2025 artissime

380 2048 696 2104 copularetur.
757 2049 910 2094 Schol.
949 2050 1209 2095 Florentini
1245 2050 1416 2095 codicis
1455 2055 1509 2094 59
1548 2050 1609 2094 ad
1646 2050 1805 2106 Eurip.
1836 2050 1949 2095 Hec.
1981 2055 2064 2096 996
2103 2050 2263 2108 (Dind.
2296 2050 2318 2094 Ι
2355 2066 2386 2108 p
2416 2053 2541 2106 463):

379 2120 496 2163 ὅταν
528 2121 613 2164 οὖν
642 2122 724 2177 ἔχῃ
755 2122 1020 2177 ἔμπροεθεν
1057 2124 1204 2167 αὑτοῦ
1237 2126 1456 2178 φωνῆεν,
1499 2123 1836 2176 ἑφελκυετικόν
1870 2122 1965 2167 έετι
1994 2126 2081 2166 τοῦ
2110 2127 2161 2166 V·
2201 2123 2318 2166 ὅταν
2347 2123 2399 2166 δὲ
2437 2122 2545 2176 (ύμ-

378 2204 574 2247 φωνον,
607 2192 837 2247 ἐκλείπει,
875 2193 940 2237 ωε
979 2194 1036 2236 τὸ
1069 2195 1195 2237 οὕτω
1228 2195 1404 2248 οὕτως,
1443 2194 1574 2248 μέχρι
1605 2193 1776 2248 μέχρις.
1836 2191 2109 2237 Eustathius
2138 2192 2198 2237 ad
2230 2192 2365 2237 Iliad.
2397 2193 2434 2236 Α
2467 2195 2541 2235 76ε

378 2262 436 2304 τὸ
468 2263 525 2306 νύ
565 2266 1063 2319 παραπληρωματικὸν
1103 2264 1208 2308 ἀντὶ
1246 2268 1334 2308 τοῦ
1373 2265 1431 2319 δή
1470 2265 1772 2309 (πανιώτᾰτα
1811 2265 1919 2319 μέν,
1957 2265 2136 2318 γίνεται
2166 2264 2217 2307 δ’
2245 2264 2375 2318 ὅμως
2406 2263 2543 2318 ἐφελ-

376 2334 593 2378 κυετικόν
624 2349 741 2379 ποτε
769 2338 856 2379 τοῦ
887 2337 918 2377 V
948 2337 1023 2379 καὶ
1054 2336 1196 2390 αὐτό,
1237 2337 1312 2380 καὶ
1344 2336 1400 2378 οὐ
1433 2337 1581 2390 μόνον
1612 2335 1663 2378 ἐν
1693 2339 1763 2391 τῷ
1794 2335 1958 2380 τοίνυν
2008 2336 2024 2391 ΙΙ
2202 2354 2204 2356 ’
2382 2333 2410 2378 1
2440 2333 2541 2389 οὖν]

376 2404 654 2460 Apollonius
700 2405 816 2449 duas
864 2419 961 2449 esse
1007 2407 1094 2450 οὖν
1141 2406 1491 2450 coniunctiones
1536 2405 1700 2449 statuit
1738 2410 1856 2462 52619
1886 2405 1938 2453 Β.
1977 2411 2094 2461 25811
2133 2404 2296 2461 Schn„
2343 2405 2539 2449 alteram

376 2475 717 2532 syllogisticam
757 2489 955 2533 eamque
996 2476 1364 2530 circumflexam,
1405 2477 1690 2533 expletivam
1729 2477 1926 2521 alteram
1964 2490 2162 2533 eamque
2202 2475 2331 2521 acuti
2366 2475 2445 2520 vel
2472 2474 2556 2518 iri-¹
2643 2492 2651 2501 ·

377 2545 539 2590 clinati
582 2546 758 2591 tenoris
799 2546 1096 2597 (inclinatum
1140 2547 1287 2592 habet
1330 2548 1378 2591 in
1417 2549 1625 2603 οὔκουν).
1686 2547 1981 2591 Herodianus
2026 2547 2153 2604 apud
2192 2548 2258 2591 Io.
2289 2546 2422 2591 Alex.
2451 2550 2542 2602 4011

374 2644 478 2673 29-34
515 2631 657 2661 unam
696 2619 782 2662 οὖν
822 2631 987 2662 vocem
1030 2618 1187 2675 ponit,
1225 2617 1307 2662 sed
1345 2617 1581 2674 duplicem
1619 2618 1928 2674 potestatem,
1969 2619 2308 2674 accentumque
2346 2618 2539 2661 circum-

376 2687 549 2731 flexum
579 2688 746 2732 tribuit
776 2689 919 2733 etiam
953 2689 1191 2746 expletive
1222 2690 1322 2742 οὖν,
1355 2688 1622 2743 ubicunque
1654 2702 1747 2732 non
1777 2688 2032 2733 inclinetur
2085 2691 2092 2744 1
2457 2688 2541 2732 κέν
2631 2692 2658 2711 -’

375 2758 562 2814 saepius
607 2763 822 2815 περιεεὸν
868 2775 967 2805 esse
1014 2760 1216 2817 putabat
1258 2759 1551 2804 Herodianus
1595 2772 1805 2815 quoque,
1852 2758 1959 2808 vide
2004 2759 2227 2803 Ioannem
2271 2759 2407 2804 Alex.
2435 2763 2539 2815 4011.
2658 2756 2667 2766 ’

375 2829 601 2885 expletivi
639 2845 747 2874 usus
787 2831 1003 2887 exempla
1040 2832 1147 2875 sunt
1184 2830 1343 2874 Iliadis
1386 2832 1413 2874 Γ
1446 2835 1548 2885 138,
1588 2830 1668 2873 ubi
1698 2829 2010 2874 Aristonicus:
2053 2830 2124 2874 ὅτι
2164 2829 2376 2885 περιεεὸε
2415 2830 2441 2874 ὁ
2473 2829 2539 2884 κέ,

375 2900 424 2943 et
451 2900 489 2943 B
522 2905 604 2945 258
642 2901 768 2957 (vide
801 2902 942 2950 schol.
973 2902 1091 2947 Ven.
1123 2904 1180 2957 A)
1221 2903 1268 2946 et
1299 2901 1334 2944 Α
1367 2905 1420 2944 66
1454 2902 1515 2956 (v.
1547 2900 1687 2944 schol.
1719 2900 1755 2943 B
1787 2899 1926 2944 Dind.
1958 2900 2026 2944 ΙΙΙ
2055 2914 2086 2956 p
2121 2906 2171 2944 17
2205 2903 2253 2945 et
2281 2899 2318 2943 L
2349 2899 2538 2945 Bachm.

376 2984 406 3027 p
441 2972 524 3027 13).
585 2973 642 3016 de
675 2975 926 3030 δυνητικοῡ
960 2975 1008 3018 et
1038 2976 1334 3029 ἀναιρετικοῦ
1374 2971 1642 3016 nominibus
1682 2971 1750 3014 cfr
1778 2970 1982 3016 indicem
2012 2971 2097 3016 sub
2128 2972 2187 3016 ἄν
2529 2972 2536 3029 Ι

371 3043 425 3095 γέ
456 3056 782 3099 nonnusquam
813 3047 990 3101 δηλοῦν
1022 3046 1248 3101 μειότητα
1277 3046 1307 3098 ἢ
1340 3043 1550 3088 ἐπίταειν
1583 3046 1854 3096 θαυμαεμοῦ
1885 3041 2024 3087 docet
2043 3042 2321 3099 Apollonius
2343 3047 2464 3099 52119
2484 3041 2539 3087 Β.

371 3118 489 3169 25316
521 3114 673 3171 Schn.,
707 3117 849 3169 atque
881 3119 1000 3173 51⁹72⁹
1031 3115 1085 3160 Β.
1117 3119 1218 3170 2501,
1250 3113 1408 3159 Schn.:
1443 3115 1499 3159 οὐ
1530 3116 1624 3169 μὴν
1655 3114 1707 3158 ἐν
1736 3118 1806 3170 τῷ
1838 3117 2029 3159 «καλῶς
2060 3128 2150 3168 γε»
2181 3113 2284 3168 (scil
2314 3114 2538 3169 παρέλκει

372 3185 398 3226 ὁ
429 3186 523 3239 γέ)·
572 3186 841 3231 ἐπιτέταται
879 3190 967 3242 γὰρ
999 3177 1028 3242 ἦ
1062 3189 1295 3242 ἔκπληξις.
1355 3186 1474 3230 ἀλλὰ
1514 3187 1605 3239 μὴν
1637 3187 1712 3229 καὶ
1743 3186 1794 3229 έν
1824 3189 1894 3240 τῷ
1927 3186 2106 3229 «τοῦτό
2137 3185 2191 3238 γέ
2223 3198 2294 3239 μοι
2323 3185 2536 3240 χάριεαι»

371 3257 552 3299 «τοῦτό
583 3256 701 3313 <γέ>
732 3272 808 3311 μοι
839 3259 1078 3314 λάληεον»
1119 3259 1314 3312 ἔμφαειε
1346 3257 1483 3310 ἱκανὴ
1528 3256 1775 3311 μειότητοε
1807 3257 1883 3300 καὶ
1913 3260 2000 3300 τοῦ
2033 3257 2178 3311 μηδὲν
2208 3254 2391 3312 (ἄλλο)
2419 3255 2534 3299 ἀπο-

371 3327 674 3379 φαινομένου.
735 3328 803 3371 cfr
846 3330 967 3384 synt.
1008 3333 1128 3384 26725
1167 3328 1215 3372 et
1257 3331 1307 3371 Σ
1343 3331 1462 3383 97113
1494 3325 1622 3382 (Hel)
1661 3330 1712 3370 Σ
1746 3331 1865 3382 971,9
1912 3325 2011 3381 (ubi
2056 3339 2161 3369 cum
2206 3322 2534 3368 RSehneidero
2566 3380 2576 3388 ἢ

371 3397 620 3451 μειότητοε
650 3398 923 3455 legendum)
955 3404 1004 3443 Σ
1032 3404 1151 3455 97211
1181 3398 1386 3454 Epimer.
1421 3396 1609 3441 Homer.
1642 3396 1732 3440 AO
1763 3396 1784 3439 I
1817 3401 1937 3452 3841:
1985 3397 2001 3452 ss
2350 3393 2381 3438 2
2409 3395 2534 3440 τινὲε

369 3467 420 3510 δὲ
451 3492 503 3499 ——
535 3469 692 3524 ὅμως]
737 3471 971 3514 testantur
1009 3470 1076 3515 ΣΙ
1107 3475 1226 3525 97217
1258 3479 1294 3513 ο·
1322 3472 1396 3514 Ev
1427 3469 1501 3514 Eb
1535 3470 1600 3512 Et
1637 3466 1979 3511 Pseudochoer.
2010 3471 2082 3519 20s
2125 3468 2190 3521 (E
2201 3468 2218 3494 ¹¹
2249 3469 2317 3512 Ει
2354 3465 2536 3510 addunt

372 3594 648 3652 [anzmonss
678 3600 896 3654 Animum]
987 3598 1017 3642 2
1048 3600 1173 3643 τινὲς
1205 3620 1258 3627 -
1280 3597 1425 3653 ὅμως]
1458 3595 1595 3652 plane
1627 3593 1851 3647 concinit;
1885 3593 2054 3638 deinde
2086 3607 2198 3638 vero
2228 3593 2345 3638 haec
2375 3592 2531 3637 addit:

371 3672 411 3711 et
440 3671 550 3712 sunt
579 3668 923 3713 coniunctiones
953 3669 1287 3714 dubitationem
1318 3666 1677 3722 (difficultatem)
1707 3665 2044 3721 siqnifilcantes,
2075 3678 2193 3721 quae
2220 3667 2386 3721 coywnt
2415 3663 2532 3708 dua-

369 3751 474 3781 rum
503 3751 657 3783 rerwm
687 3739 881 3783 alteram
916 3739 1077 3797 eliyere
1108 3739 1187 3796 (ad
1217 3738 1413 3783 verbum
1444 3737 1481 3780 si
1511 3735 1766 3780 convertis:
1799 3748 1917 3791 quae
1935 3735 2253 3780 involwntarie
2271 3733 2531 3791 eliyendum

368 3809 556 3861 faciunt
592 3810 821 3866 alterum).
882 3812 1143 3866 sequuntur
1182 3808 1400 3866 exempla
1429 3807 1544 3862 tria,
1576 3819 1695 3862 quae
1726 3806 1852 3849 idem
1883 3807 1979 3851 fere
2011 3806 2173 3850 valent
2202 3804 2328 3861 quod
2356 3804 2529 3851 saltem.

369 3879 580 3923 definitio
620 3880 804 3924 accedit
833 3880 892 3923 ad
932 3883 1283 3937 διαεαφητικῶν
1321 3877 1682 3934 descriptionem
1721 3890 1862 3932 quam
1902 3877 2102 3934 legimus
2132 3881 2181 3921 Σ
2208 3880 2351 3930 972102
2389 3876 2529 3930 παρέ·-

369 3952 501 4005 λειψε
547 3953 597 3995 δέ
641 3953 753 3997 τοὺς
798 3954 1183 4008 διαεαφητικούε,
1222 3952 1429 3997 τίθενται
1469 3949 1518 3993 δὲ
1557 3948 1688 3992 οὗτοι
1734 3950 1907 4003 μεταξὺ
1953 3949 2039 3992 δύο
2086 3949 2244 4002 λόγων
2294 3947 2370 3989 καὶ
2422 3947 2528 4001 τὴν

368 4022 739 4078 ἐκλογὴντοῦ
764 4010 897 4069 ἑνὸς
927 4027 1257 4077 ποιοῦνται,
1290 4022 1394 4067 οἷον
1411 4023 1636 4066 πλουτεῖν
1656 4019 1880 4074 βούλομαι
1901 4021 1930 4074 ἢ
1953 4020 2186 4064 πένεσθαι.
2210 4015 2291 4061 sed
2313 4014 2528 4073 exempla

368 4093 652 4146 respondent
681 4095 733 4147 γέ
765 4092 1103 4139 coniunctionis
1134 4093 1238 4136 usui
1270 4096 1518 4148 μειωτικῷ,
1551 4089 1609 4133 de
1643 4102 1736 4144 quo
1768 4089 1877 4135 vide
1907 4104 2048 4146 supra
