2814 4400
971 1049 1613 1120 PROLEGOMEN
1614 1049 1684 1117 A

357 1207 534 1276 Siquis
572 1225 663 1259 sex
701 1205 896 1258 abhinc
936 1222 1107 1257 annos
1145 1204 1283 1274 apud
1323 1222 1489 1274 aquas
1527 1202 1812 1256 Mattiacas
1848 1203 1907 1255 in
1944 1204 2127 1257 critica
2165 1207 2219 1258 et
2256 1223 2374 1258 exe-

214 1292 391 1363 getica
427 1291 818 1361 philologorum
853 1290 1089 1342 sectione
1123 1307 1319 1342 nomen
1346 1289 1492 1341 dedit
1518 1290 1571 1340 et
1596 1287 1752 1340 alteri
1778 1288 1890 1341 eius
1917 1290 2184 1342 consessui
2213 1290 2375 1343 inter-

213 1377 343 1443 fuit,
382 1377 428 1429 is
466 1376 775 1429 Ioannem
813 1373 1224 1443 Classenum,
1263 1391 1443 1426 senem
1482 1372 1857 1441 venerabilem,
1897 1374 2202 1427 meminerit
2239 1377 2370 1428 tunc

214 1461 491 1514 ostendere
529 1461 701 1530 primo
748 1477 840 1511 suo
878 1477 1054 1512 amore
1093 1459 1251 1511 etiam
1288 1459 1539 1527 vergente
1576 1459 1749 1511 aetate
1787 1476 1843 1510 se
1881 1459 2067 1514 teneri.
2141 1478 2374 1529 namque

171 1566 193 1600 5
215 1545 279 1598 de
305 1545 549 1615 Dionysii
575 1543 796 1596 Thracis
834 1546 949 1597 arte
986 1544 1235 1596 disseruit
1272 1542 1361 1612 qui
1399 1542 1706 1595 adulescens
1742 1543 2124 1612 grammaticae
2149 1562 2376 1614 graecae

212 1630 502 1700 primordia
546 1629 842 1681 luculenter
889 1628 1288 1697 explanaverat,
1345 1644 1407 1679 ac
1455 1626 1720 1696 flagitavit
1767 1630 1828 1679 ut
1883 1645 2120 1680 seorsum
2174 1628 2376 1697 publici

212 1715 342 1767 iuris
389 1715 480 1766 illa
525 1715 675 1766 fieret
719 1715 1055 1782 purgataque
1103 1713 1178 1765 eis
1216 1730 1347 1781 quas
1386 1713 1479 1763 aut
1515 1710 1722 1763 incuria
1761 1714 1854 1763 aut
1891 1711 2031 1764 mala
2070 1713 2375 1783 corrigendi

211 1799 463 1852 sedulitas
512 1797 825 1867 aspersisset
869 1796 1109 1850 maculis,
1194 1796 1332 1849 unde
1381 1795 1606 1848 multum
1656 1796 1907 1849 utilitatis
1955 1796 2375 1850 redundaturum

211 1901 324 1936 esse
363 1883 523 1935 etiam
561 1882 626 1934 ad
663 1899 948 1951 puerorum
985 1881 1396 1934 institutionem.
1460 1879 1628 1932 multa
1667 1879 1812 1933 e'nim
1850 1879 2009 1933 hodie
2047 1899 2260 1951 quoque
2297 1883 2376 1934 in-

148 1990 189 2022 10
211 1986 325 2020 esse
371 1969 428 2020 in
475 1967 773 2021 scholarum
818 1984 918 2018 usu
964 1984 1100 2036 quae
1148 1965 1344 2018 dudum
1392 1965 1544 2018 furca
1590 1965 1785 2033 expelli
1832 1965 2086 2018 deberent
2144 1969 2198 2019 et
2253 1984 2378 2019 vero

210 2053 429 2122 expulsa
466 2055 665 2121 essent,
705 2053 750 2104 si
787 2050 1256 2122 grammaticorum
1293 2067 1604 2120 graecorum
1644 2049 1942 2102 doctrinam
1979 2068 2164 2103 omnes
2201 2050 2375 2120 philo-

210 2138 319 2208 logi
355 2137 654 2205 novissent,
696 2137 839 2189 velut
875 2136 1160 2189 accusativi
1196 2135 1477 2188 ridiculum
1516 2151 1715 2186 nomen
1750 2133 1959 2204 aliaque
1994 2153 2128 2204 quae
2164 2154 2228 2188 ex
2256 2136 2376 2188 lati-

209 2240 399 2274 norum
448 2221 912 2292 grammaticorum
962 2223 1145 2289 utpote
1182 2219 1553 2289 insipientium
1591 2218 1927 2271 imitatorum
1966 2220 2235 2273 erroribus
2274 2221 2376 2274 ori-

209 2307 391 2376 ginem
439 2306 706 2360 ducerent.
781 2305 972 2375 quibus
1018 2304 1192 2357 verbis
1240 2307 1293 2357 et
1340 2303 1675 2358 Christius
1723 2307 1776 2356 et
1822 2304 2276 2358 Steinthalius
2324 2309 2378 2358 et

147 2413 188 2446 15
211 2409 311 2461 ego
358 2392 517 2460 plane
567 2391 771 2443 assensi
815 2408 996 2443 sumus
1040 2407 1139 2442 nec
1188 2388 1293 2441 nisi
1348 2388 1449 2441 hoc
1496 2389 1722 2457 opposui
1762 2389 2030 2458 equidem,
2081 2391 2212 2443 artis
2252 2390 2378 2444 Dio-

210 2476 466 2546 nysianae
503 2474 858 2528 recensendae
898 2478 951 2526 et
977 2472 1338 2526 emendandae
1364 2491 1576 2542 operam
1606 2472 2013 2542 haudquaquam
2040 2492 2195 2543 posse
2219 2476 2376 2529 facile

211 2560 435 2613 absolvi.
496 2578 621 2612 nam
668 2559 899 2628 primum
947 2576 1055 2610 non
1092 2558 1263 2610 solum
1310 2558 1514 2611 codices
1552 2575 1666 2622 eOS‚
1716 2558 1908 2626 quibus
1942 2557 2217 2612 Bekkerus
2252 2579 2377 2614 usus

211 2647 375 2711 esset,
425 2644 618 2697 iterum
665 2644 922 2711 conferri,
971 2643 1061 2695 sed
1110 2642 1269 2695 ctiam
1318 2641 1449 2693 alios
1498 2641 1813 2694 vetustiores
1851 2643 2062 2711 anquiri
2100 2647 2373 2714 oportere3

210 2732 326 2782 tum
363 2748 427 2782 ex
464 2729 680 2782 scholiis
719 2727 873 2780 editis
899 2727 1217 2796 ineditisque
1241 2727 1588 2779 hauriendam
1614 2745 1728 2780 esse
1755 2727 2048 2796 scripturae
2075 2728 2376 2799 discrepan-

147 2836 189 2868 20
212 2814 359 2883 tiam,
399 2817 556 2883 atque
594 2832 715 2866 cum
751 2831 1138 2882 nonnunquam
1177 2812 1311 2865 aliae
1345 2812 1402 2864 in
1436 2812 1556 2864 aliis
1591 2810 1805 2864 scholiis
1833 2811 2071 2865 inessent
2103 2812 2375 2883 lectioneS,

211 2898 454 2967 singulas
491 2898 958 2967 interpretationes
997 2897 1300 2950 auctoribus
1340 2896 1448 2948 suis
1486 2895 1782 2948 reddendas
1821 2914 2108 2966 eorumque
2147 2902 2379 2952 aetatem

213 2986 267 3036 et
300 2982 460 3035 fidem
497 2983 822 3035 definiendas
863 3000 999 3051 esse3
1039 2982 1259 3033 tertium
1295 2980 1528 3033 officium
1565 2980 1735 3032 futuri
1774 2981 1991 3033 editoris
2019 3000 2080 3034 eo
2111 2984 2376 3036 contineri

210 3069 272 3120 ut
307 3067 611 3120 innumeros
649 3067 965 3135 scriptorum
1002 3067 1239 3118 veterum
1275 3065 1442 3133 locOS,
1489 3064 1579 3116 ubi
1617 3063 1910 3133 Dionysius
1949 3066 2256 3119 laudaretur
2296 3068 2377 3120 vel

211 3152 430 3226 nomine
478 3169 586 3204 non
632 3151 814 3204 addito
861 3152 1234 3220 usurparetur,
1284 3150 1341 3202 in
1379 3167 1492 3202 rem
1530 3167 1675 3201 suam
1718 3152 2076 3221 converteret3
2124 3155 2375 3221 quartum

149 3259 192 3292 25
214 3237 271 3288 in
322 3254 383 3288 eo
428 3236 627 3288 versari
674 3239 735 3288 ut
783 3253 914 3305 quos
952 3234 1322 3304 interpretatio
1361 3237 1512 3287 vetus
1558 3234 1799 3285 armenia
1847 3235 2126 3303 praeberet
2172 3236 2375 3289 fructus

212 3320 541 3391 largissimos
578 3321 889 3389 perciperet.
952 3320 1142 3389 quibus
1181 3319 1394 3388 quidem
1427 3318 1618 3370 officiis
1644 3321 1832 3387 postea
1857 3321 2084 3389 cognovi
2111 3321 2375 3386 accedere,

215 3409 276 3459 ut
323 3405 389 3458 ad
436 3405 816 3459 restituendam
861 3406 1095 3458 technen
1143 3405 1305 3458 etiam
1349 3406 1640 3456 erotemata
1676 3403 1800 3455 inde
1836 3406 1964 3456 nata
2001 3405 2377 3458 adhiberentur

215 3495 270 3544 et
302 3491 676 3559 interpretatio
703 3491 923 3560 syriaca,
962 3509 1119 3559 quam
1146 3488 1550 3542 Adalbertus
1575 3487 1869 3540 Merxius
1896 3488 1953 3542 in
1980 3490 2182 3544 duobus
2208 3490 2375 3544 musei

214 3575 572 3629 Londinensis
610 3575 877 3628 codicibus
914 3574 1137 3628 invenit.

152 3682 195 3715 30
358 3659 472 3712 Iam
510 3661 572 3711 ut
607 3660 720 3729 ipse
758 3647 993 3713 ad'haec
1029 3679 1252 3714 munera
1288 3660 1624 3730 aggrederer,
1668 3674 1788 3710 cum
1825 3659 2112 3713 auctoritas
2149 3660 2375 3713 utilitas-

216 3762 318 3814 que
357 3744 538 3797 allexit
572 3744 739 3796 libelli
779 3744 1123 3813 Dionysiani,
1173 3748 1285 3798 tum
1332 3763 1450 3798 mea
1498 3746 1755 3814 quaedam
1798 3747 2099 3814 opportuna
2136 3745 2373 3798 condicio

217 3830 443 3899 impulit.

356 3913 570 3966 Etenim
610 3914 749 3966 forte
788 3914 982 3967 accidit
1017 3917 1078 3967 ut
1113 3934 1256 3968 nunc
1282 3914 1671 3985 Heidelbergae
1710 3934 1816 3969 una
1853 3917 2030 3968 essent
2054 3914 2137 3967 vir
2161 3914 2375 3983 linguae

217 3998 448 4067 syriacae
488 3998 874 4070 scientissimus
885 4040 901 4071 ,
953 4000 1252 4053 armeniace
1289 3999 1345 4051 in
1381 4000 1702 4053 monasterio
1740 3998 1791 4053 S.
1819 3999 2003 4051 Lazari
2044 3999 2282 4065 edoctUS,
2322 4000 2376 4051 et

154 4101 197 4134 35
221 4081 375 4134 homo
419 4083 509 4152 qui
546 4083 603 4135 in
641 4083 1001 4151 grammaticis
1040 4084 1244 4155 graecis
1282 4102 1495 4154 operam
1534 4103 1681 4137 suam
1714 4084 2040 4152 conlocavit,
2079 4083 2374 4152 acciditque
