2814 4400
418 263 651 308 LXXXVI
1079 263 1289 307 ADDEN
1292 263 1375 307 DA
1407 263 1484 307 ET
1517 263 1917 308 CORRIGENDA

555 393 619 444 ad
661 392 754 459 27,
784 391 1007 459 6-28,
1035 393 1089 444 2.
1155 388 1220 446 S:
1258 397 1367 447 τῶν
1407 395 1466 445 δὲ
1505 396 1846 458 ευγκριτικῶν
1884 394 2043 446 τύποι
2077 410 2259 459 yraece
2296 397 2343 447 et
2376 395 2580 462 syriace

411 479 503 531 εἰεί
539 482 695 543 τρεῖς.
771 477 834 528 de
873 477 1129 546 exemplis
1166 477 1612 546 subsequentibus
1650 477 1769 530 vide
1807 476 2001 529 Merxii
2040 477 2346 530 editionem.

554 619 618 669 ad
659 619 754 686 28,
782 619 815 672 2
856 618 1108 688 [DISCR.
1152 618 1244 671 ET
1283 618 1588 687 TESTIM]
1641 620 1697 671 in
1739 619 1890 671 codd.
1933 617 2331 672 Basileensibus
2371 621 2450 690 Εἰ)
2490 621 2582 673 ha-

413 707 543 758 bent
581 710 738 759 «Ἦν.

555 847 621 900 ad
661 846 756 915 28,
785 845 839 899 3.
893 849 955 900 τὸ
994 848 1114 900 κατ’
1153 848 1385 901 ἐπίταειν
1413 848 1535 900 ἑνὸς
1562 847 1698 912 πρὸς
1735 845 1976 900 πολλοὺς
2003 848 2584 918 παραλαμβανόμενον]
2628 875 2650 908 5

418 931 455 987 S
496 933 552 985 in
582 936 629 985 A
656 933 862 985 codice:
902 933 1112 1000 quando
1149 950 1315 985 unum
1342 933 1549 999 quidem
1568 933 1789 999 ponitur
1814 936 1861 984 et
1886 949 2001 984 cnm
2027 932 2206 984 multis
2231 937 2583 1000 comparatur,

417 1018 471 1070 in
514 1018 586 1071 B:
624 1019 837 1086 quando
875 1035 1042 1070 unum
1078 1019 1294 1084 ponitur
1330 1034 1497 1085 supra
1533 1017 1728 1085 multa,
1770 1034 1887 1070 eum
1924 1018 2102 1070 multis
2137 1021 2513 1084 comparatum.

560 1161 623 1212 ad
665 1160 760 1229 28,
786 1160 953 1213 4-5.
1016 1159 1283 1228 quomodo
1322 1159 1565 1228 exempla
1602 1159 2048 1228 superlativorum
2087 1159 2284 1212 imitari
2325 1159 2590 1214 studuerit

422 1243 460 1301 S
482 1287 496 1314 ‚
538 1263 801 1316 cognosce
840 1245 911 1297 sis
950 1262 1014 1296 ex
1052 1244 1244 1296 Merxii
1282 1243 1534 1297 editione.

565 1388 630 1440 ad
670 1387 765 1454 28,
792 1388 847 1439 6.
922 1385 986 1438 In
1027 1388 1075 1437 A
1115 1386 1294 1438 codice
1332 1387 1598 1439 versionis
1636 1387 1934 1455 syriacae
1974 1387 2381 1453 ὑποκοριετικὸν
2419 1391 2590 1441 trans·
2617 1414 2658 1446 ιο

423 1474 594 1524 fertur
631 1491 758 1524 voce
797 1489 935 1540 quae
974 1473 1373 1524 diminutionem
1413 1472 1710 1541 significat3
1762 1476 1951 1525 contra
1990 1472 2034 1524 B
2075 1473 2240 1525 codex
2276 1473 2594 1527 vocabulum

423 1558 587 1610 habet
613 1558 698 1609 cui
726 1558 805 1609 vis
844 1558 1233 1610 blanditiarum
1262 1560 1357 1620 est,
1400 1561 1560 1627 atque
1590 1575 1786 1611 nomen
1811 1558 1971 1610 huius
1998 1559 2405 1628 significationis
2434 1560 2595 1623 etiam
2623 1576 2625 1578 ’

422 1662 520 1713 pro
560 1645 772 1710 μείωειν
813 1642 1045 1696 exhibet.
1123 1643 1203 1694 cfr
1241 1661 1401 1712 supra
1440 1643 1505 1696 ad
1544 1642 1628 1708 25,
1659 1645 1706 1695 7.

567 1787 631 1837 ad
672 1785 767 1853 28,
798 1785 851 1839 7.
928 1782 966 1840 S
1006 1787 1379 1851 μειρακύλλιον
1419 1787 1786 1852 ἀνθρωπίεκοε
1834 1787 2122 1854 convertit,
2170 1787 2387 1840 tertium
2426 1806 2593 1840 exem·

423 1872 573 1941 plum
609 1889 718 1924 non
756 1870 934 1923 habet.
1010 1869 1114 1941 (Eb
1155 1872 1301 1924 λίθαξ
1340 1887 1428 1922 om
1467 1871 1627 1923 etiam
1666 1872 1721 1923 in
1760 1871 1910 1924 codd.
1951 1871 2393 1944 BasileensibUS.)
2619 1895 2660 1929 15

567 2014 631 2066 ad
669 2012 764 2080 29,
795 2013 956 2067 1-2.
1033 2011 1071 2068 S
1121 2013 1344 2066 eandem
1395 2013 1762 2066 definitionem
1810 2013 2001 2081 habet,
2053 2014 2145 2067 sed
2193 2033 2291 2084 pro
2340 2016 2597 2086 exemplis
2650 2015 2654 2020 ’

426 2099 632 2169 graecis
680 2099 881 2153 Iudam
919 2100 1303 2153 Maccabaenm
1349 2102 1404 2151 et
1450 2099 1769 2152 Antiochum
1819 2097 2174 2167 Epiphanem.
2226 2132 2288 2139 --
2342 2100 2596 2170 [DISOR.

365 2205 370 2209 ·
427 2183 864 2252 ET·‘TEST1M.]
932 2183 1078 2247 Quae
1116 2185 1278 2237 verba
1315 2183 1366 2237 V
1406 2183 1569 2236 codex
1615 2184 1672 2236 in
1720 2185 2031 2237 definitione
2077 2192 2202 2254 post
2249 2188 2382 2254 παρ’
2425 2187 2600 2255 ὄνομα

429 2270 666 2322 exhibet:
716 2271 747 2334 ἢ
796 2271 858 2324 ἐξ
908 2270 1267 2337 ὀνόματος,
1321 2287 1383 2321 ea
1428 2287 1570 2322 nunc
1620 2272 1751 2338 puto
1791 2270 2115 2338 explanandi
2153 2289 2311 2324 causa
2347 2272 2411 2324 ad
2452 2277 2598 2326 ante-

432 2356 673 2407 cedentia
710 2354 915 2408 adiecta
952 2373 1091 2423 esse,
1132 2373 1455 2424 quamquam
1495 2355 1727 2423 videtur,
1767 2355 1893 2424 quid
1931 2357 2065 2422 παρ’
2101 2357 2276 2423 ὄνομα
2313 2357 2415 2410 sibi
2452 2357 2598 2428 velit,
2621 2377 2664 2412 20

431 2440 635 2493 nemini
672 2458 781 2492 non
821 2458 975 2510 posse
1014 2458 1287 2510 apparere.
1362 2440 1420 2493 in
1463 2439 1786 2492 Barocciano
1831 2441 1952 2509 116,
1999 2442 2090 2510 qui
2129 2443 2240 2511 ipse
2278 2443 2336 2495 in
2373 2460 2598 2496 numero

431 2527 690 2579 librorum
730 2526 1051 2578 deteriorum
1090 2526 1367 2578 habendus
1414 2529 1494 2598 est
1537 2526 1626 2576 sed
1666 2526 1886 2594 propius
1921 2527 1986 2578 ad
2026 2545 2210 2579 eorum
2249 2528 2596 2598 archetypum

431 2612 636 2665 accedit
683 2630 842 2680 quam
890 2610 1088 2680 VHA,
1148 2611 1343 2680 legitur
1388 2614 1520 2676 παρ’
1569 2611 1743 2678 ὄνομα
1791 2612 1962 2677 ἤγουν
2011 2612 2065 2666 ἐξ
2117 2613 2402 2679 ὀνόματος.
2437 2627 2448 2638 ²
2481 2613 2598 2667 vide

431 2699 493 2751 Ζ.
524 2697 1046 2766 Wiederherstettuny
1083 2716 1117 2766 p
1144 2697 1228 2750 64.
1261 2731 1320 2737 -
1356 2695 1627 2766 Exemplis
1654 2698 1924 2751 Θέωνος
1963 2700 2016 2749 et
2041 2699 2409 2766 Τρύφωνος
2435 2698 2598 2752 Lehr-

434 2785 542 2835 sius
586 2782 737 2834 Anal.
777 2785 899 2850 post
937 2781 1304 2835 Herodianum
1343 2802 1378 2852 p
1416 2783 1521 2835 436
1560 2786 1772 2851 praeter
1809 2782 1914 2834 alia
1952 2782 2119 2834 utitur
2156 2787 2215 2835 ut
2252 2784 2596 2854 demonstret,
2619 2803 2661 2835 25

433 2870 498 2920 ab
538 2867 798 2936 Dionysio
838 2867 1184 2921 Aristarcheo
1233 2867 1464 2920 technen
1511 2868 1918 2921 abiudicandam
1968 2886 2097 2920 esse.
2175 2871 2265 2936 qui
2313 2870 2441 2923 liber
2479 2874 2602 2925 ante

433 2953 645 3006 Sextum
674 2952 1025 3020 Empiricnm,
1064 2954 1257 3022 inquit,
1299 2970 1406 3006 non
1444 2957 1874 3007 commemoratur
1910 2957 1958 3006 et
1993 2954 2270 3022 Tryphone
2307 2971 2370 3008 ac
2396 2954 2601 3010 Theone

434 3043 583 3103 certe,
629 3044 689 3091 ut
726 3043 947 3099 constat,
989 3041 1247 3107 posterior
1284 3043 1368 3092 est.
1446 3038 1530 3091 cui
1569 3037 1781 3107 quidem
1819 3040 2277 3108 argumentationi
2315 3039 2600 3094 Mauritius

436 3123 679 3177 Schmidt
718 3124 907 3176 Philol.
949 3123 1079 3177 VIII
1117 3143 1151 3193 p
1190 3125 1296 3176 510
1332 3124 1447 3176 iure
1492 3124 1747 3193 opposuit
1784 3103 2058 3177 nonnulla.
2133 3125 2367 3178 Theonis
2404 3143 2598 3179 nomen

436 3211 540 3261 iam
579 3209 911 3278 Chrysippus
959 3209 1015 3261 in
1055 3210 1312 3279 exemplis
1351 3209 1541 3278 logicis
1579 3227 1836 3277 usurpare
1874 3209 2105 3278 solebat,
2155 3211 2274 3263 vide
2312 3210 2598 3264 Philonem
2621 3226 2663 3260 30

435 3297 557 3359 περὶ
595 3296 890 3360 ἀφθαρείαε
927 3296 1124 3360 κόεμου
1163 3314 1196 3364 p
1235 3295 1334 3347 951
1360 3294 1401 3348 G
1441 3294 1521 3347 ed.
1563 3294 1745 3363 Mang.
1786 3293 1950 3362 (Plut.
1992 3300 2194 3364 quaest.
2223 3294 2372 3348 Rom.
2402 3294 2596 3361 XXX).

436 3396 562 3447 ergo
602 3380 1004 3447 grammaticum
1042 3380 1302 3432 illustrem
1341 3380 1429 3431 hic
1466 3380 1568 3432 dici
1609 3380 1900 3447 credamuS,
1939 3379 2346 3449 haudquaquam
2384 3398 2599 3434 necesse

439 3469 535 3516 est.
599 3464 902 3532 Tryphonis
942 3468 1122 3517 autem
1161 3465 1462 3534 exemplum
1490 3465 1534 3517 si
1566 3465 1630 3517 ad
1661 3464 2082 3516 Alexandrinum
2107 3465 2444 3518 referendum
2484 3484 2598 3520 esse

438 3567 621 3601 censes
659 3548 825 3619 (quod
874 3549 1005 3603 mihi
1052 3568 1263 3619 quoque
1303 3569 1485 3603 verum
1521 3549 1780 3622 videtur),
1827 3554 2007 3601 tamen
2044 3568 2112 3602 ne
2148 3568 2212 3602 ex
2247 3551 2347 3603 hoc
2385 3551 2598 3620 quidem

438 3634 678 3703 exemplo
717 3634 964 3703 colligere
999 3635 1183 3703 debeS‚
1234 3638 1401 3688 artem
1436 3636 1880 3702 ψευδεπίγραφον
1914 3653 2053 3701 esse,
2100 3634 2191 3687 sed
2227 3636 2428 3689 coicere
2475 3636 2663 3690 licetas

436 3720 670 3772 technici
709 3719 1037 3771 celeberrimi
1074 3739 1272 3773 nomen
1310 3721 1365 3773 in
1405 3720 1540 3773 alius
1578 3720 1809 3772 nominis
1837 3721 2010 3772 locum
2049 3739 2079 3771 a
2106 3721 2398 3789 posteriore
2434 3740 2597 3775 manu

437 3805 785 3857 substitutum
826 3822 954 3856 esse.
1018 3823 1174 3872 quam
1214 3825 1313 3876 ego
1340 3806 1702 3859 coniecturam
1730 3806 2035 3873 comprob0‚
2076 3806 2200 3874 quia
2225 3808 2437 3859 constat
2466 3806 2598 3859 mihi

438 3896 490 3941 et
531 3889 825 3941 Varronem
866 3891 919 3941 et
955 3888 1294 3958 Tryphonem
1344 3892 1516 3959 ipsum
1556 3889 1849 3942 enchiridio
1895 3889 2224 3959 Dionysiano
2263 3908 2418 3943 usum
2465 3908 2595 3944 esse.

441 3979 693 4039 (ceterum
733 3975 925 4043 legisse
964 3976 1019 4027 in
1056 3977 1249 4027 techne
1288 3977 1498 4028 videtur
1524 3977 1676 4030 Θέων
1705 3976 1939 4042 Τρύφων
1979 3976 2199 4028 nomina
2238 3974 2398 4027 etiam
2434 3976 2480 4027 is
2505 3975 2598 4045 qui

439 4059 651 4127 scripsit
687 4077 822 4128 quae
860 4060 918 4112 in
956 4058 1068 4112 ΕΜ
1106 4060 1254 4131 4642¹
1294 4061 1591 4132 leguntur.)
2619 4065 2663 4098 ⁴⁰
