2814 4400
338 287 422 332 LII
799 288 879 333 DE
911 287 1371 335 SVPPLEMENTIS
1404 289 1685 336 SECVNDO
1716 289 1794 336 ΕΤ
1825 290 2050 336 TERTIO

742 487 822 540 De
861 489 1358 558 supplementorum
1396 508 1529 560 quae
1568 490 1827 544 edidimus
1864 488 2113 546 secundO.

486 586 879 640 Grammaticae
933 588 1081 641 notio
1135 592 1197 642 ut
1251 590 1409 659 plane
1462 590 1852 659 conciperetur,
1908 589 2189 642 videbatur
2224 607 2355 659 opus
2392 608 2506 644 esse

340 671 646 740 generalem
695 672 825 725 artis
873 691 1083 743 quoque
1129 675 1409 728 notionem
1454 674 1902 728 circumscribere.
1987 673 2129 727 unde
2174 674 2379 728 factum
2428 679 2510 728 est

340 759 402 808 ut
454 756 769 827 pervulgata
834 757 1210 811 Stoicorum
1265 759 1586 813 definitio
1641 761 1877 826 τέχνης
1932 776 1993 812 ac
2051 758 2240 812 divisio
2294 759 2508 829 generis

339 841 632 894 enchiridio
670 840 919 911 Dionysii
958 843 1310 897 adicerentur.
2546 858 2569 892 ⁶

480 926 773 996 Explicant
810 928 911 981 hoc
949 929 1380 998 supplementum
1421 928 1526 981 duo
1564 928 1879 982 scholiastae
1917 929 1975 986 in
2013 928 2330 982 collectione
2355 927 2508 983 Vati-

342 1030 477 1065 cana
502 1011 601 1064 BA
629 1012 957 1082 7208--7239
983 1017 1037 1066 et
1075 1014 1450 1086 ’72125--72233
1479 1014 1721 1085 7266-2„
1760 1031 1983 1083 quorum
2021 1014 2158 1066 alter
2188 1013 2292 1083 ipsi
2317 1013 2511 1067 tribuit
2592 1064 2596 1068 .

345 1097 779 1167 technograph0‚
818 1099 936 1151 vide
960 1099 1171 1170 7208.11
1215 1100 1381 1170 72120.
1443 1099 1501 1151 in
1526 1100 1695 1152 lexico
1722 1098 2166 1152 Bachmanniano
2194 1099 2510 1168 explanatur

344 1201 449 1236 vox
485 1185 780 1249 τεκτονική.
845 1184 1044 1236 absunt
1082 1184 1211 1236 artis
1250 1184 1492 1237 definitio
1532 1187 1586 1237 et
1620 1184 1843 1254 partitio
1871 1203 1902 1236 a
1929 1183 2364 1237 commentariolo
2390 1183 2508 1236 Hil-

343 1267 633 1337 gardianO,
672 1286 771 1321 nec
810 1286 1097 1322 conversae
1135 1270 1202 1322 ab
1230 1269 1490 1322 Armenio
1527 1272 1666 1334 sunt,
1706 1268 1799 1333 sed
1834 1273 2079 1339 receptae
2116 1270 2174 1322 in
2213 1271 2507 1323 erotemata
2527 1283 2571 1316 10
2668 1335 2671 1337 ‚
2729 1273 2731 1275 ’

342 1351 769 1421 Guelferbytana
805 1352 1178 1422 Moschopulia
1215 1352 1766 1407 Schellersheimiana.
1796 1351 1800 1354 ’

480 1436 703 1491 Codices
743 1436 962 1490 adhibui
1000 1436 1268 1491 LGBVH.
1343 1439 1388 1491 Ο
1428 1438 1622 1491 librum
1661 1439 1752 1508 qui
1799 1439 1879 1492 fol
1912 1439 2002 1492 44r
2039 1438 2143 1492 hoc
2180 1438 2508 1492 additamen-

335 1526 454 1574 tum
494 1521 710 1574 exhibet
748 1522 990 1574 conferre
1028 1522 1260 1592 neglexi.
1337 1541 1401 1575 ex
1448 1522 1502 1575 H
1547 1540 1673 1577 vero
1719 1541 1830 1576 non
1876 1541 1966 1576 eas
2002 1526 2214 1576 tantum
2250 1524 2509 1578 lectiones

336 1625 472 1677 quae
510 1626 545 1676 p
583 1606 617 1659 2
654 1606 1003 1661 inveniuntur
1048 1608 1273 1677 protuli,
1328 1608 1420 1661 sed
1459 1608 1620 1661 etiam
1658 1625 1792 1678 quae
1829 1626 1864 1677 p
1900 1608 1934 1661 6
1972 1610 2026 1661 et
2071 1627 2107 1677 p
2141 1608 2261 1675 289,
2318 1609 2509 1678 quibus

333 1692 463 1745 loeis
501 1691 632 1758 ὅρος
667 1692 862 1745 iterum
901 1695 955 1745 et
990 1693 1210 1746 tertium
1246 1693 1462 1764 legitur.
2532 1707 2574 1741 1⁵

717 1924 723 1930 Ι
769 1848 852 1902 De
889 1849 1386 1919 supplementorum
1423 1867 1559 1919 quae
1597 1849 1858 1903 edidimus
1895 1849 2072 1903 terti0.

475 1948 540 2000 In
602 1949 677 2000 eis
736 1966 870 2018 quae
947 1936 1194 2018 discipuli
1262 1952 1316 2002 et
1370 1949 1638 2002 debebant
1699 1948 1901 2002 discere
1965 1966 2065 2001 nec
2128 1950 2379 2017 poterant
2443 1967 2508 2002 ex

333 2033 581 2103 Dionysii
650 2038 793 2103 arte,
867 2033 1100 2102 pedum
1162 2034 1591 2087 metricorum
1649 2051 1858 2104 quoque
1913 2034 2108 2087 notitia
2172 2036 2302 2087 erat.
2377 2051 2507 2104 ergo

334 2119 496 2172 etiam
535 2119 728 2172 horum
768 2120 1095 2184 enumeratio
1133 2119 1412 2188 brevisque
1450 2119 1736 2189 descriptio
1774 2118 1955 2172 addita
1992 2120 2096 2184 est,
2136 2136 2298 2189 quam
2335 2120 2507 2189 ipsam

334 2222 542 2274 quoque
582 2207 737 2258 erant
774 2205 864 2274 qui
905 2204 1161 2274 Dionysio
1196 2205 1510 2258 tribuerent.
1568 2205 1687 2257 vide
1734 2221 1868 2274 quae
1915 2203 2078 2257 verba
2114 2203 2172 2257 in
2208 2204 2314 2257 fine
2354 2204 2507 2258 huius
2529 2216 2573 2250 8⁰

332 2290 543 2342 metrici
582 2290 772 2358 capitis
813 2289 1089 2342 Leidensis
1125 2289 1261 2342 liber
1298 2291 1352 2342 et
1396 2289 1711 2343 Calusianus
1749 2288 2025 2342 exhibent:
2075 2289 2220 2346 ἄξιος
2256 2288 2508 2345 αἰνεῖεθαι

334 2375 628 2429 Διονύειοε
655 2375 717 2428 ὃς
753 2374 868 2428 τάδ’
906 2375 1164 2441 ἔγραψεν,
1205 2377 1259 2427 et
1283 2392 1418 2443 quae
1445 2393 1509 2427 ex
1535 2373 1809 2428 Calusiani
1843 2373 1973 2426 folio
1998 2374 2067 2427 47
2106 2373 2278 2443 Peyro
2317 2373 2377 2445 (p
2401 2373 2509 2429 239

332 2459 473 2528 apud
512 2458 805 2529 Sturzium)
855 2459 1162 2528 exscripsit:
1211 2463 1375 2514 τοῦτο
1424 2462 1483 2513 δὲ
1532 2461 1595 2514 τὸ
1643 2459 1838 2525 μέτρον
1889 2458 2011 2526 (scil
2056 2458 2370 2529 iambicum)
2408 2459 2508 2514 οὐκ

332 2544 451 2598 εἶπε
491 2545 795 2610 Διονύειοε,
837 2545 956 2598 ἀλλ’
991 2546 1139 2611 ἡμεῖς
1178 2546 1267 2599 διὰ
1303 2547 1400 2611 τὴν
1438 2550 1550 2599 τῶν
1589 2545 1730 2600 νέων
1771 2544 2040 2611 ὠφέλειαν
2078 2545 2502 2615 προεεθήκαμεν,

331 2629 558 2699 denique
593 2647 727 2698 ‘1¹¹ae
764 2630 822 2681 1¹²
849 2629 978 2682 artis
1017 2630 1413 2700 prolegomenis
1438 2629 1537 2681 BA
1563 2629 1692 2699 6730
1718 2629 1994 2699 leguntur:
2033 2628 2377 2697 διαλαμβάνει
2400 2624 2505 2697 γὰρ
2526 2638 2570 2673 2⁶
2669 2698 2673 2699 7

330 2715 417 2768 καὶ
453 2716 576 2781 περὶ
621 2717 733 2769 τῶν
783 2718 962 2781 μερῶν
1000 2718 1098 2769 τοῦ
1144 2716 1314 2779 λόγου
1354 2714 1429 2769 u‘uc
1467 2715 1527 2769 ἐν
1566 2713 1810 2784 ευντόμῳ
1849 2715 1936 2767 καὶ
1971 2714 2095 2779 περὶ
2129 2719 2240 2768 τῶν
2277 2714 2503 2782 μέτρων.

473 2797 591 2852 Hoc
630 2798 1052 2852 additamentum
1089 2800 1144 2852 in
1174 2799 1390 2853 scholiis
1416 2798 1769 2869 Dionysianis
1796 2797 2139 2867 explanatum
2164 2815 2274 2851 non
2298 2798 2504 2852 inveni—

330 2888 418 2935 tur
454 2901 555 2936 nec
591 2884 762 2954 magis
801 2883 858 2936 in
897 2884 1204 2938 erotematis
1242 2884 1496 2955 occurrit3
1535 2883 1814 2954 legebatur
1839 2900 1964 2936 vero
1989 2882 2097 2935 iam
2124 2883 2195 2935 ab
2220 2884 2501 2938 Armenio.

332 2972 388 3021 at
426 2969 492 3021 ab
531 2968 631 3022 hoc
668 2968 962 3038 interprete
1000 2970 1375 3040 cognoscimus
1412 2969 1705 3040 genuinam
1745 2968 2103 3038 supplementi
2127 2966 2357 3021 formam
2383 2985 2501 3022 eam

329 3053 525 3123 fuisse,
584 3057 645 3106 ut
696 3054 945 3124 bisyllabi
993 3059 1047 3108 et
1093 3055 1358 3125 trisyllabi
1402 3057 1615 3108 tantum
1660 3053 1822 3123 pedes
1860 3055 2323 3120 enumerarentur,
2362 3053 2500 3107 nihil
2521 3063 2566 3098 ⁸⁰

333 3138 615 3191 adderetur
653 3139 718 3193 de
756 3140 1133 3210 tetrasyllabis.
1196 3140 1433 3194 indidem
1458 3139 1709 3193 discimus
1735 3138 1800 3192 de
1825 3138 2038 3192 heroico
2066 3141 2236 3192 metro
2262 3139 2499 3210 disputa-

239 3276 242 3278 .
329 3223 535 3277 tionem
580 3225 878 3293 posteriore
926 3224 1138 3278 demum
1187 3229 1426 3295 tempore
1463 3225 1529 3279 ad
1575 3225 1770 3295 pedum
1808 3223 2222 3294 descriptionem
2258 3223 2498 3278 additam

330 3326 471 3361 esse:
507 3326 634 3360 nam
659 3308 800 3363 hanc
826 3328 1034 3380 quoque
1061 3311 1190 3380 quin
1218 3327 1569 3368 conversurus
1595 3309 1758 3363 fuerit
1785 3309 2087 3375 Armenius,
2116 3309 2161 3361 si
2186 3308 2497 3379 invenisset,

298 3386 436 3445 'non
475 3393 679 3462 dubito,
719 3412 838 3447 cum
875 3395 933 3447 in
971 3395 1099 3448 artis
1136 3394 1474 3466 paragrapho
1514 3394 1581 3447 10
1616 3394 1760 3464 ipsos
1786 3394 2126 3447 hexametros
2163 3410 2384 3464 graecos
2422 3393 2498 3447 di-

328 3478 561 3548 ligenter
605 3478 841 3532 imitatus
890 3479 974 3532 sit.
1059 3480 1288 3550 denique
1336 3483 1512 3533 aetate
1561 3479 1722 3532 etiam
1769 3478 2020 3532 inferiore
2069 3477 2318 3532 videntur
2353 3478 2498 3533 inter
2518 3487 2562 3523 ⁸⁶

329 3562 626 3617 hexametri
664 3562 906 3617 locorum
953 3564 1286 3635 singulorum
1335 3564 1749 3635 descriptionem
1797 3566 1850 3617 et
1896 3562 2130 3616 eiusdem
2164 3581 2348 3618 versus
2385 3581 2500 3618 cae-

291 3670 299 3678 ·
330 3667 573 3702 surarum
624 3649 1011 3718 expositionem
1059 3650 1261 3704 inserta
1305 3668 1420 3704 esse
1458 3650 1522 3703 de
1569 3649 1794 3720 pedibus
1830 3648 2060 3702 trimetri
2096 3648 2312 3703 iambici
2347 3665 2497 3719 prae·

330 3738 497 3804 cepta.

471 3818 630 3873 Edidi
685 3818 786 3872 hoc
840 3819 1270 3889 supplementum
1324 3820 1392 3873 ad
1446 3819 1606 3873 fidem
1652 3818 1777 3872 libri
1825 3816 2168 3873 Monacensis
2214 3835 2381 3889 usque
2426 3817 2494 3871 ad

329 3922 364 3972 p
396 3903 511 3971 122,
539 3905 569 3958 7
606 3905 679 3970 τί,
743 3921 879 3975 quae
936 3907 1019 3957 est
1063 3905 1356 3975 fragmenti
1407 3902 1603 3959 codicis
1649 3903 1794 3957 illius
1841 3921 1950 3957 vox
1994 3903 2196 3958 ultima.
2278 3902 2347 3956 ab
2390 3901 2493 3957 hac
2514 3912 2558 3945 ⁴⁰
2658 3970 2660 3972 ,
2747 3938 2782 3974 ‚-

329 4006 458 4042 voce
498 4007 660 4059 usque
698 3989 765 4043 ad
802 3990 964 4043 finem
1003 3993 1214 4043 secutus
1252 4009 1370 4044 sum
1396 3988 1724 4043 Leidensem.
1779 3988 2067 4059 subscripsi
2093 3990 2270 4043 autem
2299 3986 2490 4041 discre—
2554 4040 2565 4046 -

328 4078 516 4141 pantes
565 4073 824 4128 lectiones
873 4073 1103 4128 Parisini
1139 4075 1431 4145 pervetusti
1471 4073 1631 4144 1983,
1669 4091 1734 4127 ex
1772 4091 1877 4144 quo
1916 4074 1973 4127 in
2013 4072 2250 4128 Orameri
2285 4072 2488 4127 Anecd.
2587 4123 2589 4125 ,
2670 4107 2674 4109 2
