<?xml version="1.0" encoding="UTF-8"?>
<!DOCTYPE html PUBLIC "-//W3C//DTD XHTML 1.0 Transitional//EN"
    "http://www.w3.org/TR/xhtml1/DTD/xhtml1-transitional.dtd">
<html xmlns="http://www.w3.org/1999/xhtml" xml:lang="en" lang="en">
 <head>
  <title>
</title>
<meta http-equiv="Content-Type" content="text/html;charset=utf-8" />
  <meta name='ocr-system' content='tesseract 3.04.00' />
  <meta name='ocr-capabilities' content='ocr_page ocr_carea ocr_par ocr_line ocrx_word'/>
</head>
<body>
  <div class='ocr_page' id='page_1' title='image "./dionysiithracisa00dionuoft_0225.png"; bbox 0 0 2808 4394; ppageno 0'>
   <div class='ocr_carea' id='block_1_1' title="bbox 463 238 2359 307">
    <p class='ocr_par' dir='ltr' id='par_1_1' title="bbox 463 238 2359 307">
     <span class='ocr_line' id='line_1_1' title="bbox 463 238 2359 307; baseline 0.002 -3"><span class='ocrx_word' id='word_1_1' title='bbox 463 260 550 304; x_wconf 87' lang='lat' dir='ltr'>DE</span> <span class='ocrx_word' id='word_1_2' title='bbox 580 260 819 304; x_wconf 75' lang='lat' dir='ltr'>ME&#39;PRO</span> <span class='ocrx_word' id='word_1_3' title='bbox 850 239 1158 304; x_wconf 75' lang='lat' dir='ltr'><strong>HEROI&#39;GO</strong></span> <span class='ocrx_word' id='word_1_4' title='bbox 1190 254 1582 302; x_wconf 80' lang='lat' dir='ltr'>FLEXIONES</span> <span class='ocrx_word' id='word_1_5' title='bbox 1613 256 1829 302; x_wconf 79' lang='lat' dir='ltr'><strong>VERBI</strong></span> <span class='ocrx_word' id='word_1_6' title='bbox 1861 238 2116 301; x_wconf 72' lang='lat' dir='ltr'>TY&#39;TITQ</span> <span class='ocrx_word' id='word_1_7' title='bbox 2258 255 2359 307; x_wconf 81' lang='grc'>125</span> 
     </span>
    </p>
   </div>
   <div class='ocr_carea' id='block_1_2' title="bbox 1264 626 1343 680">
    <p class='ocr_par' dir='ltr' id='par_1_2' title="bbox 1264 626 1343 680">
     <span class='ocr_line' id='line_1_2' title="bbox 1264 626 1343 680; baseline 0.013 -1"><span class='ocrx_word' id='word_1_8' title='bbox 1264 626 1343 680; x_wconf 95' lang='lat' dir='ltr'>IV</span> 
     </span>
    </p>
   </div>
   <div class='ocr_carea' id='block_1_3' title="bbox 162 808 2422 1284">
    <p class='ocr_par' dir='ltr' id='par_1_3' title="bbox 162 808 2422 1284">
     <span class='ocr_line' id='line_1_3' title="bbox 219 808 891 863; baseline -0.001 -10"><span class='ocrx_word' id='word_1_9' title='bbox 219 809 386 863; x_wconf 79' lang='grc' dir='ltr'>Ῥῆμα</span> <span class='ocrx_word' id='word_1_10' title='bbox 418 810 712 863; x_wconf 79' lang='grc' dir='ltr'>ὁριετικὸν</span> <span class='ocrx_word' id='word_1_11' title='bbox 734 808 891 863; x_wconf 79' lang='grc' dir='ltr'>ἐνερ-</span> 
     </span>
     <span class='ocr_line' id='line_1_4' title="bbox 254 879 864 934; baseline 0 -12"><span class='ocrx_word' id='word_1_12' title='bbox 254 880 494 934; x_wconf 86' lang='grc' dir='ltr'>γητικὸν</span> <span class='ocrx_word' id='word_1_13' title='bbox 525 879 749 924; x_wconf 77' lang='grc' dir='ltr'>ἁπλοῦν</span> <span class='ocrx_word' id='word_1_14' title='bbox 779 892 864 923; x_wconf 88' lang='lat' dir='ltr'>cu-</span> 
     </span>
     <span class='ocr_line' id='line_1_5' title="bbox 245 949 866 1005; baseline 0 -12"><span class='ocrx_word' id='word_1_15' title='bbox 245 949 438 1001; x_wconf 78' lang='grc' dir='ltr'>ζυγίαε</span> <span class='ocrx_word' id='word_1_16' title='bbox 478 950 707 1005; x_wconf 77' lang='grc' dir='ltr'>πρώτης</span> <span class='ocrx_word' id='word_1_17' title='bbox 746 953 866 993; x_wconf 89' lang='grc' dir='ltr'>τῶν</span> 
     </span>
     <span class='ocr_line' id='line_1_6' title="bbox 162 1019 2422 1074; baseline -0.001 -12"><span class='ocrx_word' id='word_1_18' title='bbox 162 1034 188 1071; x_wconf 84' lang='lat'>5</span> <span class='ocrx_word' id='word_1_19' title='bbox 238 1020 575 1074; x_wconf 82' lang='grc' dir='ltr'>βαρυτόνων</span> <span class='ocrx_word' id='word_1_20' title='bbox 604 1019 875 1074; x_wconf 85' lang='grc' dir='ltr'>ῥημάτων</span> <span class='ocrx_word' id='word_1_21' title='bbox 2396 1022 2422 1060; x_wconf 80' lang='lat'>5</span> 
     </span>
     <span class='ocr_line' id='line_1_7' title="bbox 239 1089 865 1144; baseline 0 -11"><span class='ocrx_word' id='word_1_22' title='bbox 239 1090 550 1143; x_wconf 82' lang='grc' dir='ltr'>ἐγκλίεεωε</span> <span class='ocrx_word' id='word_1_23' title='bbox 581 1089 865 1144; x_wconf 80' lang='grc' dir='ltr'>ὁριετικῆε</span> 
     </span>
     <span class='ocr_line' id='line_1_8' title="bbox 247 1160 809 1215; baseline 0.002 -12"><span class='ocrx_word' id='word_1_24' title='bbox 247 1161 458 1215; x_wconf 91' lang='grc' dir='ltr'>χρόνου</span> <span class='ocrx_word' id='word_1_25' title='bbox 489 1160 809 1204; x_wconf 79' lang='grc' dir='ltr'>ἐνεετῶτοε</span> 
     </span>
     <span class='ocr_line' id='line_1_9' title="bbox 218 1230 894 1284; baseline -0.001 -11"><span class='ocrx_word' id='word_1_26' title='bbox 218 1234 334 1273; x_wconf 87' lang='grc' dir='ltr'>τῶν</span> <span class='ocrx_word' id='word_1_27' title='bbox 363 1232 542 1284; x_wconf 83' lang='grc' dir='ltr'>τριῶν</span> <span class='ocrx_word' id='word_1_28' title='bbox 571 1230 894 1283; x_wconf 79' lang='grc' dir='ltr'>προεώπων</span> 
     </span>
    </p>
   </div>
   <div class='ocr_carea' id='block_1_4' title="bbox 228 2734 562 2741">
    <p class='ocr_par' dir='ltr' id='par_1_4' title="bbox 228 2734 562 2741">
     <span class='ocr_line' id='line_1_10' title="bbox 228 2734 562 2741; baseline 0 1653"><span class='ocrx_word' id='word_1_29' title='bbox 228 2734 562 2741; x_wconf 95' lang='lat' dir='ltr'> </span> 
     </span>
    </p>
   </div>
   <div class='ocr_carea' id='block_1_5' title="bbox 136 1298 2545 2860">
    <p class='ocr_par' dir='ltr' id='par_1_5' title="bbox 136 1298 2545 2860">
     <span class='ocr_line' id='line_1_11' title="bbox 322 1298 2293 1360; baseline 0 -18"><span class='ocrx_word' id='word_1_30' title='bbox 322 1312 386 1342; x_wconf 89' lang='grc' dir='ltr'>τε</span> <span class='ocrx_word' id='word_1_31' title='bbox 416 1300 506 1343; x_wconf 86' lang='grc' dir='ltr'>καὶ</span> <span class='ocrx_word' id='word_1_32' title='bbox 537 1299 789 1354; x_wconf 85' lang='grc' dir='ltr'>ἀριθμῶν</span> <span class='ocrx_word' id='word_1_33' title='bbox 1064 1299 1503 1354; x_wconf 84' lang='grc' dir='ltr'>Παρακειμένου</span> <span class='ocrx_word' id='word_1_34' title='bbox 1778 1298 2293 1360; x_wconf 22' lang='grc' dir='ltr'>Ὑπερευντελίκιου</span> 
     </span>
     <span class='ocr_line' id='line_1_12' title="bbox 136 1368 2455 1424; baseline -0.001 -10"><span class='ocrx_word' id='word_1_35' title='bbox 136 1378 188 1416; x_wconf 89' lang='grc'>10</span> <span class='ocrx_word' id='word_1_36' title='bbox 304 1369 348 1414; x_wconf 87' lang='grc' dir='ltr'>Ἑ</span> <span class='ocrx_word' id='word_1_37' title='bbox 356 1382 397 1412; x_wconf 86' lang='grc' dir='ltr'>ν.</span> <span class='ocrx_word' id='word_1_38' title='bbox 441 1369 609 1412; x_wconf 85' lang='grc' dir='ltr'>τύπτω</span> <span class='ocrx_word' id='word_1_39' title='bbox 1031 1369 1123 1412; x_wconf 82' lang='grc' dir='ltr'>Ἑν.</span> <span class='ocrx_word' id='word_1_40' title='bbox 1168 1370 1352 1424; x_wconf 86' lang='grc' dir='ltr'>τέτυφα</span> <span class='ocrx_word' id='word_1_41' title='bbox 1514 1375 1522 1377; x_wconf 65' lang='grc'>”</span> <span class='ocrx_word' id='word_1_42' title='bbox 1782 1368 1823 1411; x_wconf 67' lang='grc' dir='ltr'>Ἐ</span> <span class='ocrx_word' id='word_1_43' title='bbox 1833 1382 1874 1412; x_wconf 93' lang='grc' dir='ltr'>ν.</span> <span class='ocrx_word' id='word_1_44' title='bbox 1918 1369 2164 1423; x_wconf 83' lang='grc' dir='ltr'>ἑτετύφειν</span> <span class='ocrx_word' id='word_1_45' title='bbox 2405 1379 2455 1417; x_wconf 86' lang='lat'>10</span> 
     </span>
     <span class='ocr_line' id='line_1_13' title="bbox 444 1439 2165 1494; baseline 0 -11"><span class='ocrx_word' id='word_1_46' title='bbox 444 1440 640 1484; x_wconf 75' lang='grc' dir='ltr'>τύπτεις</span> <span class='ocrx_word' id='word_1_47' title='bbox 1174 1440 1381 1494; x_wconf 80' lang='grc' dir='ltr'>τέτυφαε</span> <span class='ocrx_word' id='word_1_48' title='bbox 1923 1439 2165 1490; x_wconf 82' lang='grc' dir='ltr'>ἑτετύφειε</span> 
     </span>
     <span class='ocr_line' id='line_1_14' title="bbox 444 1510 2138 1563; baseline 0 -11"><span class='ocrx_word' id='word_1_49' title='bbox 444 1511 611 1554; x_wconf 87' lang='grc' dir='ltr'>τύπτει</span> <span class='ocrx_word' id='word_1_50' title='bbox 1175 1511 1352 1563; x_wconf 92' lang='grc' dir='ltr'>τέτυφε</span> <span class='ocrx_word' id='word_1_51' title='bbox 1922 1510 2138 1563; x_wconf 84' lang='grc' dir='ltr'>ἑτετύφει</span> 
     </span>
     <span class='ocr_line' id='line_1_15' title="bbox 305 1580 2230 1634; baseline 0 -11"><span class='ocrx_word' id='word_1_52' title='bbox 305 1581 346 1623; x_wconf 97' lang='grc' dir='ltr'>Δ</span> <span class='ocrx_word' id='word_1_53' title='bbox 363 1593 403 1623; x_wconf 92' lang='grc' dir='ltr'>υ.</span> <span class='ocrx_word' id='word_1_54' title='bbox 448 1580 686 1624; x_wconf 88' lang='grc' dir='ltr'>τύπτετον</span> <span class='ocrx_word' id='word_1_55' title='bbox 1036 1581 1078 1624; x_wconf 95' lang='grc' dir='ltr'>Δ</span> <span class='ocrx_word' id='word_1_56' title='bbox 1091 1594 1133 1625; x_wconf 92' lang='grc' dir='ltr'>υ.</span> <span class='ocrx_word' id='word_1_57' title='bbox 1176 1580 1449 1634; x_wconf 90' lang='grc' dir='ltr'>τετύφατον</span> <span class='ocrx_word' id='word_1_58' title='bbox 1783 1581 1825 1624; x_wconf 96' lang='grc' dir='ltr'>Δ</span> <span class='ocrx_word' id='word_1_59' title='bbox 1838 1594 1879 1624; x_wconf 91' lang='grc' dir='ltr'>υ.</span> <span class='ocrx_word' id='word_1_60' title='bbox 1925 1581 2230 1634; x_wconf 84' lang='grc' dir='ltr'>έτετύφειτον</span> 
     </span>
     <span class='ocr_line' id='line_1_16' title="bbox 445 1650 2232 1704; baseline 0 -12"><span class='ocrx_word' id='word_1_61' title='bbox 445 1650 503 1693; x_wconf 91' lang='grc' dir='ltr'>τύ</span> <span class='ocrx_word' id='word_1_62' title='bbox 509 1664 685 1694; x_wconf 87' lang='grc' dir='ltr'>πτετον</span> <span class='ocrx_word' id='word_1_63' title='bbox 1176 1650 1450 1704; x_wconf 89' lang='grc' dir='ltr'>τετύφατον</span> <span class='ocrx_word' id='word_1_64' title='bbox 1923 1651 2232 1704; x_wconf 81' lang='grc' dir='ltr'>ἑτετυφείτην</span> 
     </span>
     <span class='ocr_line' id='line_1_17' title="bbox 142 1720 2457 1776; baseline -0.001 -8"><span class='ocrx_word' id='word_1_65' title='bbox 142 1731 190 1768; x_wconf 80' lang='lat'>15</span> <span class='ocrx_word' id='word_1_66' title='bbox 220 1721 268 1764; x_wconf 95' lang='grc' dir='ltr'>Π</span> <span class='ocrx_word' id='word_1_67' title='bbox 278 1721 303 1762; x_wconf 90' lang='grc' dir='ltr'>λ</span> <span class='ocrx_word' id='word_1_68' title='bbox 313 1735 341 1775; x_wconf 94' lang='grc' dir='ltr'>η</span> <span class='ocrx_word' id='word_1_69' title='bbox 353 1723 394 1763; x_wconf 88' lang='grc' dir='ltr'>θ.</span> <span class='ocrx_word' id='word_1_70' title='bbox 437 1721 680 1774; x_wconf 89' lang='grc' dir='ltr'>τύπτομεν</span> <span class='ocrx_word' id='word_1_71' title='bbox 952 1721 999 1764; x_wconf 98' lang='grc' dir='ltr'>Π</span> <span class='ocrx_word' id='word_1_72' title='bbox 1009 1722 1035 1763; x_wconf 85' lang='grc' dir='ltr'>λ</span> <span class='ocrx_word' id='word_1_73' title='bbox 1046 1735 1075 1776; x_wconf 88' lang='grc' dir='ltr'>η</span> <span class='ocrx_word' id='word_1_74' title='bbox 1088 1723 1128 1763; x_wconf 87' lang='grc' dir='ltr'>Θ.</span> <span class='ocrx_word' id='word_1_75' title='bbox 1173 1721 1448 1775; x_wconf 90' lang='grc' dir='ltr'>τετύφαμεν</span> <span class='ocrx_word' id='word_1_76' title='bbox 1699 1722 1746 1764; x_wconf 95' lang='grc' dir='ltr'>Π</span> <span class='ocrx_word' id='word_1_77' title='bbox 1759 1722 1786 1763; x_wconf 82' lang='grc' dir='ltr'>λ</span> <span class='ocrx_word' id='word_1_78' title='bbox 1795 1735 1824 1775; x_wconf 90' lang='grc' dir='ltr'>η</span> <span class='ocrx_word' id='word_1_79' title='bbox 1835 1724 1875 1766; x_wconf 86' lang='grc' dir='ltr'>θ.</span> <span class='ocrx_word' id='word_1_80' title='bbox 1920 1720 2224 1773; x_wconf 78' lang='grc' dir='ltr'>ἑτετύφειμεν</span> <span class='ocrx_word' id='word_1_81' title='bbox 2407 1729 2457 1766; x_wconf 88' lang='lat'>15</span> 
     </span>
     <span class='ocr_line' id='line_1_18' title="bbox 446 1790 2202 1845; baseline -0.001 -12"><span class='ocrx_word' id='word_1_82' title='bbox 446 1792 654 1835; x_wconf 84' lang='grc' dir='ltr'>τύπτετε</span> <span class='ocrx_word' id='word_1_83' title='bbox 1176 1791 1415 1845; x_wconf 88' lang='grc' dir='ltr'>τετύφατε</span> <span class='ocrx_word' id='word_1_84' title='bbox 1928 1790 2202 1843; x_wconf 82' lang='grc' dir='ltr'>ἐτετύφειτε</span> 
     </span>
     <span class='ocr_line' id='line_1_19' title="bbox 445 1860 2233 1916; baseline -0.001 -13"><span class='ocrx_word' id='word_1_85' title='bbox 445 1861 669 1905; x_wconf 79' lang='grc' dir='ltr'>τύπτουει</span> <span class='ocrx_word' id='word_1_86' title='bbox 1176 1862 1403 1916; x_wconf 82' lang='grc' dir='ltr'>τετύφαει</span> <span class='ocrx_word' id='word_1_87' title='bbox 1928 1860 2233 1914; x_wconf 79' lang='grc' dir='ltr'>ἑτετύφειεαν</span> 
     </span>
     <span class='ocr_line' id='line_1_20' title="bbox 759 1958 2354 2015; baseline -0.002 -11"><span class='ocrx_word' id='word_1_88' title='bbox 759 2011 762 2015; x_wconf 45' lang='grc'>,</span> <span class='ocrx_word' id='word_1_89' title='bbox 1059 2006 1065 2014; x_wconf 65' lang='grc'>,</span> <span class='ocrx_word' id='word_1_90' title='bbox 1722 1959 1912 2003; x_wconf 81' lang='grc' dir='ltr'>Μέεου</span> <span class='ocrx_word' id='word_1_91' title='bbox 1942 1958 2354 2013; x_wconf 81' lang='grc' dir='ltr'>ὑπερευντελί-</span> 
     </span>
     <span class='ocr_line' id='line_1_21' title="bbox 348 2029 2545 2086; baseline -0.001 -13"><span class='ocrx_word' id='word_1_92' title='bbox 348 2030 766 2084; x_wconf 83' lang='grc' dir='ltr'>Παρατατικοῦ</span> <span class='ocrx_word' id='word_1_93' title='bbox 954 2029 1147 2074; x_wconf 81' lang='grc' dir='ltr'>Μέεου</span> <span class='ocrx_word' id='word_1_94' title='bbox 1179 2031 1611 2085; x_wconf 84' lang='grc' dir='ltr'>παρακειμένου</span> <span class='ocrx_word' id='word_1_95' title='bbox 1988 2042 2090 2072; x_wconf 88' lang='grc' dir='ltr'>κου</span> <span class='ocrx_word' id='word_1_96' title='bbox 2542 2084 2545 2086; x_wconf 15' lang='lat' dir='ltr'>q</span> 
     </span>
     <span class='ocr_line' id='line_1_22' title="bbox 138 2099 2461 2153; baseline -0.002 -10"><span class='ocrx_word' id='word_1_97' title='bbox 138 2115 193 2153; x_wconf 83' lang='lat'>20</span> <span class='ocrx_word' id='word_1_98' title='bbox 308 2100 350 2142; x_wconf 84' lang='grc' dir='ltr'>Ἑ</span> <span class='ocrx_word' id='word_1_99' title='bbox 362 2114 403 2143; x_wconf 91' lang='grc' dir='ltr'>ν.</span> <span class='ocrx_word' id='word_1_100' title='bbox 447 2100 655 2143; x_wconf 83' lang='grc' dir='ltr'>ἔτυπτον</span> <span class='ocrx_word' id='word_1_101' title='bbox 1041 2100 1084 2143; x_wconf 88' lang='grc' dir='ltr'>Ἑ</span> <span class='ocrx_word' id='word_1_102' title='bbox 1097 2114 1136 2142; x_wconf 89' lang='grc' dir='ltr'>ν.</span> <span class='ocrx_word' id='word_1_103' title='bbox 1181 2101 1366 2144; x_wconf 89' lang='grc' dir='ltr'>τέτυπα</span> <span class='ocrx_word' id='word_1_104' title='bbox 1787 2099 1828 2142; x_wconf 87' lang='grc' dir='ltr'>Ἑ</span> <span class='ocrx_word' id='word_1_105' title='bbox 1839 2113 1879 2142; x_wconf 95' lang='grc' dir='ltr'>ν.</span> <span class='ocrx_word' id='word_1_106' title='bbox 1927 2099 2193 2142; x_wconf 88' lang='grc' dir='ltr'>Ἐτετύπειν</span> <span class='ocrx_word' id='word_1_107' title='bbox 2406 2102 2461 2139; x_wconf 80' lang='lat'>20</span> 
     </span>
     <span class='ocr_line' id='line_1_23' title="bbox 448 2170 2171 2231; baseline -0.001 -17"><span class='ocrx_word' id='word_1_108' title='bbox 448 2171 645 2214; x_wconf 75' lang='grc' dir='ltr'>ἔτυπτε(</span> <span class='ocrx_word' id='word_1_109' title='bbox 903 2226 910 2231; x_wconf 88' lang='lat'>.</span> <span class='ocrx_word' id='word_1_110' title='bbox 1181 2171 1389 2214; x_wconf 80' lang='grc' dir='ltr'>τέτυπαε</span> <span class='ocrx_word' id='word_1_111' title='bbox 1926 2170 2171 2213; x_wconf 79' lang='grc' dir='ltr'>έτετύπειε</span> 
     </span>
     <span class='ocr_line' id='line_1_24' title="bbox 447 2239 2144 2285; baseline -0.001 -1"><span class='ocrx_word' id='word_1_112' title='bbox 447 2242 621 2285; x_wconf 77' lang='grc' dir='ltr'>ἔτυπτε</span> <span class='ocrx_word' id='word_1_113' title='bbox 1044 2242 1047 2243; x_wconf 66' lang='grc'>’</span> <span class='ocrx_word' id='word_1_114' title='bbox 1181 2240 1358 2284; x_wconf 88' lang='grc' dir='ltr'>τέτυπε</span> <span class='ocrx_word' id='word_1_115' title='bbox 1928 2239 2144 2284; x_wconf 82' lang='grc' dir='ltr'>ἐτετύπει</span> 
     </span>
     <span class='ocr_line' id='line_1_25' title="bbox 308 2310 2236 2357; baseline 0 -3"><span class='ocrx_word' id='word_1_116' title='bbox 308 2313 351 2354; x_wconf 97' lang='grc' dir='ltr'>Δ</span> <span class='ocrx_word' id='word_1_117' title='bbox 360 2325 403 2357; x_wconf 88' lang='grc' dir='ltr'>υ.</span> <span class='ocrx_word' id='word_1_118' title='bbox 450 2310 713 2354; x_wconf 82' lang='grc' dir='ltr'>ἑτύπτετον</span> <span class='ocrx_word' id='word_1_119' title='bbox 1039 2311 1082 2354; x_wconf 94' lang='grc' dir='ltr'>Δ</span> <span class='ocrx_word' id='word_1_120' title='bbox 1092 2324 1133 2356; x_wconf 91' lang='grc' dir='ltr'>υ.</span> <span class='ocrx_word' id='word_1_121' title='bbox 1180 2311 1450 2355; x_wconf 87' lang='grc' dir='ltr'>τετύπατον</span> <span class='ocrx_word' id='word_1_122' title='bbox 1787 2313 1829 2354; x_wconf 96' lang='grc' dir='ltr'>Δ</span> <span class='ocrx_word' id='word_1_123' title='bbox 1839 2324 1880 2353; x_wconf 92' lang='grc' dir='ltr'>υ.</span> <span class='ocrx_word' id='word_1_124' title='bbox 1928 2310 2236 2354; x_wconf 85' lang='grc' dir='ltr'>ἑτετύπειτον</span> 
     </span>
     <span class='ocr_line' id='line_1_26' title="bbox 450 2381 2234 2447; baseline 0 -23"><span class='ocrx_word' id='word_1_125' title='bbox 450 2381 715 2437; x_wconf 80' lang='grc' dir='ltr'>ἑτυπτέτην</span> <span class='ocrx_word' id='word_1_126' title='bbox 1181 2383 1452 2425; x_wconf 88' lang='grc' dir='ltr'>τετύπατον</span> <span class='ocrx_word' id='word_1_127' title='bbox 1927 2381 2234 2447; x_wconf 49' lang='grc' dir='ltr'>ἐτετυπείτιην</span> 
     </span>
     <span class='ocr_line' id='line_1_27' title="bbox 140 2451 2462 2506; baseline 0 -11"><span class='ocrx_word' id='word_1_128' title='bbox 140 2467 194 2505; x_wconf 76' lang='lat'>25</span> <span class='ocrx_word' id='word_1_129' title='bbox 224 2452 309 2495; x_wconf 87' lang='grc' dir='ltr'>Πλ</span> <span class='ocrx_word' id='word_1_130' title='bbox 320 2466 349 2506; x_wconf 92' lang='grc' dir='ltr'>η</span> <span class='ocrx_word' id='word_1_131' title='bbox 361 2454 402 2495; x_wconf 91' lang='grc' dir='ltr'>θ.</span> <span class='ocrx_word' id='word_1_132' title='bbox 455 2451 722 2505; x_wconf 82' lang='grc' dir='ltr'>ἐτύπτομεν</span> <span class='ocrx_word' id='word_1_133' title='bbox 954 2452 1002 2495; x_wconf 97' lang='grc' dir='ltr'>Π</span> <span class='ocrx_word' id='word_1_134' title='bbox 1013 2453 1078 2506; x_wconf 87' lang='grc' dir='ltr'>λη</span> <span class='ocrx_word' id='word_1_135' title='bbox 1089 2453 1132 2494; x_wconf 69' lang='grc' dir='ltr'>θ.</span> <span class='ocrx_word' id='word_1_136' title='bbox 1177 2451 1447 2505; x_wconf 91' lang='grc' dir='ltr'>τετύπαμεν</span> <span class='ocrx_word' id='word_1_137' title='bbox 1701 2451 1748 2494; x_wconf 96' lang='grc' dir='ltr'>Π</span> <span class='ocrx_word' id='word_1_138' title='bbox 1760 2453 1785 2494; x_wconf 83' lang='grc' dir='ltr'>λ</span> <span class='ocrx_word' id='word_1_139' title='bbox 1800 2465 1827 2505; x_wconf 92' lang='grc' dir='ltr'>η</span> <span class='ocrx_word' id='word_1_140' title='bbox 1840 2452 1880 2492; x_wconf 84' lang='grc' dir='ltr'>Θ.</span> <span class='ocrx_word' id='word_1_141' title='bbox 1926 2451 2236 2505; x_wconf 78' lang='grc' dir='ltr'>ἑτετύπειμεν</span> <span class='ocrx_word' id='word_1_142' title='bbox 2407 2467 2462 2505; x_wconf 77' lang='lat'>25</span> 
     </span>
     <span class='ocr_line' id='line_1_28' title="bbox 451 2521 2201 2566; baseline 0.001 -2"><span class='ocrx_word' id='word_1_143' title='bbox 451 2521 680 2565; x_wconf 79' lang='grc' dir='ltr'>ἑτύπτετε</span> <span class='ocrx_word' id='word_1_144' title='bbox 776 2557 779 2561; x_wconf 94' lang='grc'>.</span> <span class='ocrx_word' id='word_1_145' title='bbox 1180 2522 1418 2566; x_wconf 90' lang='grc' dir='ltr'>τετύπατε</span> <span class='ocrx_word' id='word_1_146' title='bbox 1929 2522 2201 2566; x_wconf 82' lang='grc' dir='ltr'>ἑτετύπειτε</span> 
     </span>
     <span class='ocr_line' id='line_1_29' title="bbox 450 2591 2238 2637; baseline 0.001 -2"><span class='ocrx_word' id='word_1_147' title='bbox 450 2591 655 2636; x_wconf 83' lang='grc' dir='ltr'>ἔτυπτον</span> <span class='ocrx_word' id='word_1_148' title='bbox 1180 2594 1405 2637; x_wconf 81' lang='grc' dir='ltr'>τετύπαει</span> <span class='ocrx_word' id='word_1_149' title='bbox 1930 2592 2238 2637; x_wconf 80' lang='grc' dir='ltr'>ἑτετύπειεαν</span> 
     </span>
     <span class='ocr_line' id='line_1_30' title="bbox 229 2803 2381 2860; baseline 0 -13"><span class='ocrx_word' id='word_1_150' title='bbox 229 2803 594 2860; x_wconf 70' lang='grc' dir='ltr'>[ΟιεοκΕΡΔπΤΙΑ</span> <span class='ocrx_word' id='word_1_151' title='bbox 627 2816 910 2845; x_wconf 77' lang='lat' dir='ltr'>SCRIPTVRAE</span> <span class='ocrx_word' id='word_1_152' title='bbox 942 2818 991 2845; x_wconf 83' lang='lat' dir='ltr'>IN</span> <span class='ocrx_word' id='word_1_153' title='bbox 1021 2818 1175 2846; x_wconf 71' lang='lat' dir='ltr'>Pnnms</span> <span class='ocrx_word' id='word_1_154' title='bbox 1205 2818 1415 2847; x_wconf 70' lang='lat' dir='ltr'>cAnouvu</span> <span class='ocrx_word' id='word_1_155' title='bbox 1444 2818 1676 2846; x_wconf 73' lang='lat' dir='ltr'>‘mnonosn</span> <span class='ocrx_word' id='word_1_156' title='bbox 1706 2803 2058 2858; x_wconf 69' lang='lat' dir='ltr'>EXEMPLARmvs]</span> <span class='ocrx_word' id='word_1_157' title='bbox 2193 2804 2266 2847; x_wconf 90' lang='lat' dir='ltr'>col</span> <span class='ocrx_word' id='word_1_158' title='bbox 2295 2806 2320 2848; x_wconf 93' lang='lat' dir='ltr'>I</span> <span class='ocrx_word' id='word_1_159' title='bbox 2351 2805 2381 2848; x_wconf 80' lang='lat'><strong>2</strong></span> 
     </span>
    </p>
   </div>
   <div class='ocr_carea' id='block_1_6' title="bbox 211 2867 2384 3140">
    <p class='ocr_par' dir='ltr' id='par_1_6' title="bbox 211 2867 2384 3140">
     <span class='ocr_line' id='line_1_31' title="bbox 228 2867 2382 2930; baseline 0 -12"><span class='ocrx_word' id='word_1_160' title='bbox 228 2873 317 2918; x_wconf 78' lang='lat'>—9</span> <span class='ocrx_word' id='word_1_161' title='bbox 350 2873 621 2930; x_wconf 84' lang='lat' dir='ltr'>generalem</span> <span class='ocrx_word' id='word_1_162' title='bbox 650 2873 837 2916; x_wconf 82' lang='lat' dir='ltr'>tantum</span> <span class='ocrx_word' id='word_1_163' title='bbox 867 2871 1069 2916; x_wconf 89' lang='lat' dir='ltr'>indicem</span> <span class='ocrx_word' id='word_1_164' title='bbox 1100 2873 1299 2916; x_wconf 86' lang='lat' dir='ltr'>habent:</span> <span class='ocrx_word' id='word_1_165' title='bbox 1333 2867 1580 2917; x_wconf 79' lang='grc' dir='ltr'>Θεοδοείου</span> <span class='ocrx_word' id='word_1_166' title='bbox 1603 2874 1893 2926; x_wconf 80' lang='grc' dir='ltr'>εἰεαγωγικοὶ</span> <span class='ocrx_word' id='word_1_167' title='bbox 1926 2874 2121 2917; x_wconf 73' lang='grc' dir='ltr'>κανόνες</span> <span class='ocrx_word' id='word_1_168' title='bbox 2153 2876 2258 2929; x_wconf 87' lang='grc' dir='ltr'>περὶ</span> <span class='ocrx_word' id='word_1_169' title='bbox 2289 2876 2382 2919; x_wconf 84' lang='grc' dir='ltr'>κλί-</span> 
     </span>
     <span class='ocr_line' id='line_1_32' title="bbox 229 2942 2382 3000; baseline 0.001 -14"><span class='ocrx_word' id='word_1_170' title='bbox 229 2957 346 2987; x_wconf 65' lang='lat' dir='ltr'>ceute</span> <span class='ocrx_word' id='word_1_171' title='bbox 378 2943 622 2999; x_wconf 87' lang='grc' dir='ltr'>ῥημάτων,</span> <span class='ocrx_word' id='word_1_172' title='bbox 656 2943 853 2998; x_wconf 85' lang='lat' dir='ltr'>excepto</span> <span class='ocrx_word' id='word_1_173' title='bbox 875 2942 1103 2985; x_wconf 84' lang='lat' dir='ltr'>Vaticano</span> <span class='ocrx_word' id='word_1_174' title='bbox 1128 2948 1235 2986; x_wconf 86' lang='lat'>1370</span> <span class='ocrx_word' id='word_1_175' title='bbox 1264 2943 1346 2986; x_wconf 91' lang='lat' dir='ltr'>ubi</span> <span class='ocrx_word' id='word_1_176' title='bbox 1375 2945 1482 2998; x_wconf 87' lang='lat' dir='ltr'>post</span> <span class='ocrx_word' id='word_1_177' title='bbox 1509 2943 1643 2986; x_wconf 89' lang='lat' dir='ltr'>illum</span> <span class='ocrx_word' id='word_1_178' title='bbox 1672 2942 1848 2998; x_wconf 86' lang='lat' dir='ltr'>legitur</span> <span class='ocrx_word' id='word_1_179' title='bbox 1878 2943 2079 2988; x_wconf 81' lang='grc' dir='ltr'>ἐνεετώε</span> <span class='ocrx_word' id='word_1_180' title='bbox 2109 2945 2382 3000; x_wconf 83' lang='lat' dir='ltr'>inscriptum</span> 
     </span>
     <span class='ocr_line' id='line_1_33' title="bbox 211 3012 2382 3071; baseline 0 -14"><span class='ocrx_word' id='word_1_181' title='bbox 211 3013 241 3071; x_wconf 70' lang='lat' dir='ltr'>‘ll</span> <span class='ocrx_word' id='word_1_182' title='bbox 384 3012 446 3057; x_wconf 78' lang='lat'>19</span> <span class='ocrx_word' id='word_1_183' title='bbox 475 3012 750 3070; x_wconf 77' lang='lat' dir='ltr'>genetivum</span> <span class='ocrx_word' id='word_1_184' title='bbox 779 3013 855 3056; x_wconf 89' lang='lat' dir='ltr'>hic</span> <span class='ocrx_word' id='word_1_185' title='bbox 887 3013 936 3056; x_wconf 86' lang='lat' dir='ltr'>et</span> <span class='ocrx_word' id='word_1_186' title='bbox 970 3013 1018 3055; x_wconf 90' lang='lat' dir='ltr'>in</span> <span class='ocrx_word' id='word_1_187' title='bbox 1050 3014 1430 3070; x_wconf 72' lang='lat' dir='ltr'>inscriptionibus</span> <span class='ocrx_word' id='word_1_188' title='bbox 1459 3013 1763 3070; x_wconf 90' lang='lat' dir='ltr'>sequentibus</span> <span class='ocrx_word' id='word_1_189' title='bbox 1794 3013 2008 3057; x_wconf 90' lang='lat' dir='ltr'>omnibus</span> <span class='ocrx_word' id='word_1_190' title='bbox 2036 3013 2213 3058; x_wconf 85' lang='lat' dir='ltr'>habent</span> <span class='ocrx_word' id='word_1_191' title='bbox 2243 3016 2382 3058; x_wconf 83' lang='lat' dir='ltr'>etiam</span> 
     </span>
     <span class='ocr_line' id='line_1_34' title="bbox 228 3083 2384 3140; baseline 0 -13"><span class='ocrx_word' id='word_1_192' title='bbox 228 3083 404 3127; x_wconf 88' lang='lat' dir='ltr'>Theod.</span> <span class='ocrx_word' id='word_1_193' title='bbox 438 3083 547 3126; x_wconf 85' lang='lat' dir='ltr'>libri</span> <span class='ocrx_word' id='word_1_194' title='bbox 575 3083 806 3138; x_wconf 84' lang='lat' dir='ltr'>meliores,</span> <span class='ocrx_word' id='word_1_195' title='bbox 838 3084 1093 3128; x_wconf 86' lang='lat' dir='ltr'>deteriores</span> <span class='ocrx_word' id='word_1_196' title='bbox 1121 3084 1462 3128; x_wconf 75' lang='lat' dir='ltr'>nominativum</span> <span class='ocrx_word' id='word_1_197' title='bbox 1513 3085 1529 3140; x_wconf 82' lang='grc' dir='ltr'>ΙΙ</span> <span class='ocrx_word' id='word_1_198' title='bbox 2002 3083 2074 3127; x_wconf 89' lang='lat' dir='ltr'>col</span> <span class='ocrx_word' id='word_1_199' title='bbox 2102 3086 2154 3128; x_wconf 94' lang='lat' dir='ltr'>II</span> <span class='ocrx_word' id='word_1_200' title='bbox 2185 3084 2244 3129; x_wconf 79' lang='lat'>19</span> <span class='ocrx_word' id='word_1_201' title='bbox 2275 3086 2384 3129; x_wconf 89' lang='lat' dir='ltr'>ante</span> 
     </span>
    </p>
   </div>
   <div class='ocr_carea' id='block_1_7' title="bbox 230 3154 2386 3279">
    <p class='ocr_par' dir='ltr' id='par_1_7' title="bbox 230 3154 2386 3279">
     <span class='ocr_line' id='line_1_35' title="bbox 230 3154 2386 3210; baseline 0 -12"><span class='ocrx_word' id='word_1_202' title='bbox 230 3155 369 3208; x_wconf 82' lang='grc' dir='ltr'>μέεου</span> <span class='ocrx_word' id='word_1_203' title='bbox 399 3154 744 3209; x_wconf 86' lang='grc' dir='ltr'>παρακειμένου</span> <span class='ocrx_word' id='word_1_204' title='bbox 782 3155 955 3199; x_wconf 84' lang='lat' dir='ltr'>formas</span> <span class='ocrx_word' id='word_1_205' title='bbox 993 3154 1282 3199; x_wconf 84' lang='lat' dir='ltr'>Theodosius</span> <span class='ocrx_word' id='word_1_206' title='bbox 1319 3154 1466 3198; x_wconf 83' lang='lat' dir='ltr'>habet</span> <span class='ocrx_word' id='word_1_207' title='bbox 1504 3154 1841 3210; x_wconf 73' lang='lat' dir='ltr'>expositionem</span> <span class='ocrx_word' id='word_1_208' title='bbox 1880 3156 1986 3209; x_wconf 85' lang='grc' dir='ltr'>περὶ</span> <span class='ocrx_word' id='word_1_209' title='bbox 2017 3155 2207 3199; x_wconf 85' lang='grc' dir='ltr'>ἀττικοῡ</span> <span class='ocrx_word' id='word_1_210' title='bbox 2240 3169 2386 3210; x_wconf 89' lang='grc' dir='ltr'>παρα-</span> 
     </span>
     <span class='ocr_line' id='line_1_36' title="bbox 230 3226 513 3279; baseline 0 -11"><span class='ocrx_word' id='word_1_211' title='bbox 230 3226 442 3279; x_wconf 83' lang='grc' dir='ltr'>κειμένου</span> <span class='ocrx_word' id='word_1_212' title='bbox 509 3233 513 3236; x_wconf 80' lang='grc'><strong>’</strong></span> 
     </span>
    </p>
   </div>
   <div class='ocr_carea' id='block_1_8' title="bbox 235 3342 570 3347">
    <p class='ocr_par' dir='ltr' id='par_1_8' title="bbox 235 3342 570 3347">
     <span class='ocr_line' id='line_1_37' title="bbox 235 3342 570 3347; baseline 0 0"><span class='ocrx_word' id='word_1_213' title='bbox 235 3342 570 3347; x_wconf 95' lang='lat' dir='ltr'> </span> 
     </span>
    </p>
   </div>
   <div class='ocr_carea' id='block_1_9' title="bbox 230 3405 2388 4097">
    <p class='ocr_par' dir='ltr' id='par_1_9' title="bbox 230 3405 2388 4097">
     <span class='ocr_line' id='line_1_38' title="bbox 233 3405 2386 3466; baseline 0.002 -15"><span class='ocrx_word' id='word_1_214' title='bbox 233 3405 502 3464; x_wconf 71' lang='lat' dir='ltr'>[anmoxms</span> <span class='ocrx_word' id='word_1_215' title='bbox 533 3409 742 3465; x_wconf 56' lang='lat' dir='ltr'>summm]</span> <span class='ocrx_word' id='word_1_216' title='bbox 863 3410 935 3453; x_wconf 90' lang='lat' dir='ltr'>col</span> <span class='ocrx_word' id='word_1_217' title='bbox 963 3411 989 3454; x_wconf 93' lang='grc' dir='ltr'>Ι</span> <span class='ocrx_word' id='word_1_218' title='bbox 1020 3409 1047 3455; x_wconf 92' lang='grc'>1</span> <span class='ocrx_word' id='word_1_219' title='bbox 1078 3411 1187 3454; x_wconf 86' lang='lat' dir='ltr'>ante</span> <span class='ocrx_word' id='word_1_220' title='bbox 1219 3408 1471 3466; x_wconf 83' lang='lat' dir='ltr'>specialem</span> <span class='ocrx_word' id='word_1_221' title='bbox 1502 3407 1704 3452; x_wconf 86' lang='lat' dir='ltr'>indicem</span> <span class='ocrx_word' id='word_1_222' title='bbox 1744 3409 1998 3453; x_wconf 86' lang='lat' dir='ltr'>convertit:</span> <span class='ocrx_word' id='word_1_223' title='bbox 2045 3410 2210 3454; x_wconf 77' lang='grc' dir='ltr'>κλίεειε</span> <span class='ocrx_word' id='word_1_224' title='bbox 2241 3413 2386 3466; x_wconf 84' lang='grc' dir='ltr'>ῥήμα-</span> 
     </span>
     <span class='ocr_line' id='line_1_39' title="bbox 230 3478 2385 3537; baseline 0.001 -16"><span class='ocrx_word' id='word_1_225' title='bbox 230 3479 349 3534; x_wconf 81' lang='grc' dir='ltr'>τοεΙΙ</span> <span class='ocrx_word' id='word_1_226' title='bbox 708 3479 738 3524; x_wconf 83' lang='lat'>5</span> <span class='ocrx_word' id='word_1_227' title='bbox 771 3481 1062 3537; x_wconf 88' lang='grc' dir='ltr'>βαρυτόνων]</span> <span class='ocrx_word' id='word_1_228' title='bbox 1096 3480 1284 3524; x_wconf 91' lang='lat' dir='ltr'>nomine</span> <span class='ocrx_word' id='word_1_229' title='bbox 1315 3479 1464 3523; x_wconf 80' lang='lat' dir='ltr'>utitur</span> <span class='ocrx_word' id='word_1_230' title='bbox 1494 3478 1620 3535; x_wconf 86' lang='lat' dir='ltr'>quod</span> <span class='ocrx_word' id='word_1_231' title='bbox 1649 3479 1778 3522; x_wconf 89' lang='lat' dir='ltr'>idem</span> <span class='ocrx_word' id='word_1_232' title='bbox 1808 3478 1937 3523; x_wconf 80' lang='lat' dir='ltr'>valet</span> <span class='ocrx_word' id='word_1_233' title='bbox 1974 3481 2116 3536; x_wconf 86' lang='lat' dir='ltr'>atque</span> <span class='ocrx_word' id='word_1_234' title='bbox 2148 3482 2385 3535; x_wconf 63' lang='grc' dir='ltr'>ὀξύτονοί,</span> 
     </span>
     <span class='ocr_line' id='line_1_40' title="bbox 230 3548 2386 3605; baseline 0.001 -15"><span class='ocrx_word' id='word_1_235' title='bbox 230 3549 313 3591; x_wconf 82' lang='lat' dir='ltr'>sed</span> <span class='ocrx_word' id='word_1_236' title='bbox 366 3548 478 3591; x_wconf 87' lang='lat' dir='ltr'>alibi</span> <span class='ocrx_word' id='word_1_237' title='bbox 526 3562 712 3605; x_wconf 87' lang='lat' dir='ltr'>quoque</span> <span class='ocrx_word' id='word_1_238' title='bbox 762 3549 821 3593; x_wconf 84' lang='lat' dir='ltr'>ab</span> <span class='ocrx_word' id='word_1_239' title='bbox 870 3551 1089 3594; x_wconf 85' lang='lat' dir='ltr'>Armenio</span> <span class='ocrx_word' id='word_1_240' title='bbox 1139 3550 1198 3594; x_wconf 84' lang='lat' dir='ltr'>ad</span> <span class='ocrx_word' id='word_1_241' title='bbox 1248 3550 1615 3594; x_wconf 87' lang='lat' dir='ltr'>convertendum</span> <span class='ocrx_word' id='word_1_242' title='bbox 1666 3551 1928 3604; x_wconf 88' lang='grc' dir='ltr'>βαρυτόνου</span> <span class='ocrx_word' id='word_1_243' title='bbox 1978 3551 2258 3596; x_wconf 85' lang='lat' dir='ltr'>vocabulum</span> <span class='ocrx_word' id='word_1_244' title='bbox 2308 3551 2386 3594; x_wconf 86' lang='lat' dir='ltr'>ad-</span> 
     </span>
     <span class='ocr_line' id='line_1_41' title="bbox 233 3614 2386 3677; baseline 0.001 -17"><span class='ocrx_word' id='word_1_245' title='bbox 233 3617 421 3662; x_wconf 83' lang='lat' dir='ltr'>hibetur</span> <span class='ocrx_word' id='word_1_246' title='bbox 450 3620 465 3674; x_wconf 87' lang='grc' dir='ltr'>ΙΙ</span> <span class='ocrx_word' id='word_1_247' title='bbox 768 3621 800 3665; x_wconf 81' lang='grc'><strong>6</strong></span> <span class='ocrx_word' id='word_1_248' title='bbox 831 3621 1080 3674; x_wconf 80' lang='grc' dir='ltr'>ἑγκλίεεωε</span> <span class='ocrx_word' id='word_1_249' title='bbox 1112 3622 1343 3677; x_wconf 81' lang='grc' dir='ltr'>ὁριετικῆε</span> <span class='ocrx_word' id='word_1_250' title='bbox 1373 3633 1464 3674; x_wconf 89' lang='lat' dir='ltr'>om,</span> <span class='ocrx_word' id='word_1_251' title='bbox 1515 3620 1531 3675; x_wconf 86' lang='grc' dir='ltr'>ΙΙ</span> <span class='ocrx_word' id='word_1_252' title='bbox 1783 3614 1838 3664; x_wconf 79' lang='lat'>‘9</span> <span class='ocrx_word' id='word_1_253' title='bbox 1869 3624 1970 3664; x_wconf 93' lang='grc' dir='ltr'>τῶν</span> <span class='ocrx_word' id='word_1_254' title='bbox 1999 3624 2145 3675; x_wconf 82' lang='grc' dir='ltr'>τριῶν</span> <span class='ocrx_word' id='word_1_255' title='bbox 2176 3623 2283 3676; x_wconf 90' lang='lat' dir='ltr'>post</span> <span class='ocrx_word' id='word_1_256' title='bbox 2313 3622 2386 3663; x_wconf 91' lang='grc' dir='ltr'>καὶ</span> 
     </span>
     <span class='ocr_line' id='line_1_42' title="bbox 233 3688 2388 3748; baseline 0.001 -17"><span class='ocrx_word' id='word_1_257' title='bbox 233 3688 325 3731; x_wconf 85' lang='lat' dir='ltr'>add</span> <span class='ocrx_word' id='word_1_258' title='bbox 346 3721 357 3743; x_wconf 91' lang='lat'>‚</span> <span class='ocrx_word' id='word_1_259' title='bbox 404 3689 643 3744; x_wconf 77' lang='lat' dir='ltr'>ceteroqui</span> <span class='ocrx_word' id='word_1_260' title='bbox 673 3702 778 3733; x_wconf 90' lang='lat' dir='ltr'>cum</span> <span class='ocrx_word' id='word_1_261' title='bbox 808 3690 948 3734; x_wconf 86' lang='lat' dir='ltr'>titulo</span> <span class='ocrx_word' id='word_1_262' title='bbox 979 3691 1189 3748; x_wconf 84' lang='lat' dir='ltr'>generali</span> <span class='ocrx_word' id='word_1_263' title='bbox 1227 3704 1367 3747; x_wconf 84' lang='lat' dir='ltr'>supra</span> <span class='ocrx_word' id='word_1_264' title='bbox 1396 3689 1568 3746; x_wconf 86' lang='lat' dir='ltr'>scripto</span> <span class='ocrx_word' id='word_1_265' title='bbox 1601 3690 1740 3746; x_wconf 81' lang='lat' dir='ltr'>plane</span> <span class='ocrx_word' id='word_1_266' title='bbox 1773 3690 2009 3746; x_wconf 76' lang='lat' dir='ltr'>conspirat</span> <span class='ocrx_word' id='word_1_267' title='bbox 2374 3691 2388 3747; x_wconf 92' lang='grc' dir='ltr'>ΙΙ</span> 
     </span>
     <span class='ocr_line' id='line_1_43' title="bbox 235 3757 2387 3815; baseline 0.001 -14"><span class='ocrx_word' id='word_1_268' title='bbox 235 3757 298 3802; x_wconf 87' lang='grc'>10</span> <span class='ocrx_word' id='word_1_269' title='bbox 329 3759 515 3814; x_wconf 88' lang='grc' dir='ltr'>τύπτω]</span> <span class='ocrx_word' id='word_1_270' title='bbox 548 3759 692 3803; x_wconf 90' lang='lat' dir='ltr'>verbo</span> <span class='ocrx_word' id='word_1_271' title='bbox 722 3760 871 3804; x_wconf 88' lang='lat' dir='ltr'>utitur</span> <span class='ocrx_word' id='word_1_272' title='bbox 900 3761 1027 3815; x_wconf 88' lang='lat' dir='ltr'>quod</span> <span class='ocrx_word' id='word_1_273' title='bbox 1056 3761 1149 3805; x_wconf 88' lang='lat' dir='ltr'>vim</span> <span class='ocrx_word' id='word_1_274' title='bbox 1179 3760 1368 3805; x_wconf 75' lang='lat' dir='ltr'>secandi</span> <span class='ocrx_word' id='word_1_275' title='bbox 1396 3759 1541 3802; x_wconf 82' lang='lat' dir='ltr'>habet</span> <span class='ocrx_word' id='word_1_276' title='bbox 1561 3760 1576 3815; x_wconf 90' lang='grc' dir='ltr'>ΙΙ</span> <span class='ocrx_word' id='word_1_277' title='bbox 1934 3761 1994 3805; x_wconf 83' lang='grc'>13</span> <span class='ocrx_word' id='word_1_278' title='bbox 2027 3760 2168 3803; x_wconf 85' lang='lat' dir='ltr'>etiam</span> <span class='ocrx_word' id='word_1_279' title='bbox 2200 3760 2387 3803; x_wconf 81' lang='lat' dir='ltr'>dualem</span> 
     </span>
     <span class='ocr_line' id='line_1_44' title="bbox 238 3827 2387 3887; baseline 0 -17"><span class='ocrx_word' id='word_1_280' title='bbox 238 3827 383 3879; x_wconf 88' lang='lat' dir='ltr'>finxit,</span> <span class='ocrx_word' id='word_1_281' title='bbox 415 3842 508 3885; x_wconf 88' lang='lat' dir='ltr'>quo</span> <span class='ocrx_word' id='word_1_282' title='bbox 526 3828 750 3874; x_wconf 88' lang='lat' dir='ltr'>Armenia</span> <span class='ocrx_word' id='word_1_283' title='bbox 778 3830 940 3887; x_wconf 88' lang='lat' dir='ltr'>lingua</span> <span class='ocrx_word' id='word_1_284' title='bbox 970 3833 1111 3886; x_wconf 82' lang='lat' dir='ltr'>caret,</span> <span class='ocrx_word' id='word_1_285' title='bbox 1143 3833 1190 3875; x_wconf 92' lang='lat' dir='ltr'>et</span> <span class='ocrx_word' id='word_1_286' title='bbox 1219 3833 1314 3874; x_wconf 87' lang='lat' dir='ltr'>tres</span> <span class='ocrx_word' id='word_1_287' title='bbox 1346 3828 1536 3885; x_wconf 89' lang='lat' dir='ltr'>quidem</span> <span class='ocrx_word' id='word_1_288' title='bbox 1557 3828 1695 3873; x_wconf 83' lang='lat' dir='ltr'>huius</span> <span class='ocrx_word' id='word_1_289' title='bbox 1724 3844 1910 3886; x_wconf 89' lang='lat' dir='ltr'>quoque</span> <span class='ocrx_word' id='word_1_290' title='bbox 1941 3832 2122 3873; x_wconf 86' lang='lat' dir='ltr'>numeri</span> <span class='ocrx_word' id='word_1_291' title='bbox 2153 3842 2387 3885; x_wconf 75' lang='lat' dir='ltr'>peisonas.</span> 
     </span>
     <span class='ocr_line' id='line_1_45' title="bbox 236 3898 2387 3958; baseline 0 -18"><span class='ocrx_word' id='word_1_292' title='bbox 236 3898 350 3941; x_wconf 90' lang='lat' dir='ltr'>item</span> <span class='ocrx_word' id='word_1_293' title='bbox 382 3898 557 3955; x_wconf 89' lang='lat' dir='ltr'>ubique</span> <span class='ocrx_word' id='word_1_294' title='bbox 599 3899 721 3943; x_wconf 85' lang='lat' dir='ltr'>infra</span> <span class='ocrx_word' id='word_1_295' title='bbox 752 3900 960 3957; x_wconf 84' lang='lat' dir='ltr'>exceptis</span> <span class='ocrx_word' id='word_1_296' title='bbox 988 3901 1297 3958; x_wconf 85' lang='lat' dir='ltr'>imperativis,</span> <span class='ocrx_word' id='word_1_297' title='bbox 1334 3900 1414 3955; x_wconf 88' lang='lat' dir='ltr'>qui</span> <span class='ocrx_word' id='word_1_298' title='bbox 1446 3899 1570 3954; x_wconf 83' lang='lat' dir='ltr'>apud</span> <span class='ocrx_word' id='word_1_299' title='bbox 1601 3900 1876 3943; x_wconf 89' lang='lat' dir='ltr'>Armenium</span> <span class='ocrx_word' id='word_1_300' title='bbox 1907 3914 2092 3956; x_wconf 86' lang='lat' dir='ltr'>quoque</span> <span class='ocrx_word' id='word_1_301' title='bbox 2125 3899 2257 3941; x_wconf 84' lang='lat' dir='ltr'>binas</span> <span class='ocrx_word' id='word_1_302' title='bbox 2288 3901 2387 3942; x_wconf 85' lang='lat' dir='ltr'>tan·</span> 
     </span>
     <span class='ocr_line' id='line_1_46' title="bbox 237 3968 2385 4028; baseline 0.001 -19"><span class='ocrx_word' id='word_1_303' title='bbox 237 3968 337 4010; x_wconf 78' lang='lat' dir='ltr'>tum</span> <span class='ocrx_word' id='word_1_304' title='bbox 368 3970 659 4025; x_wconf 84' lang='lat' dir='ltr'>singulorum</span> <span class='ocrx_word' id='word_1_305' title='bbox 690 3983 991 4014; x_wconf 88' lang='lat' dir='ltr'>numerorum</span> <span class='ocrx_word' id='word_1_306' title='bbox 1020 3984 1242 4028; x_wconf 83' lang='lat' dir='ltr'>personas</span> <span class='ocrx_word' id='word_1_307' title='bbox 1280 3970 1458 4013; x_wconf 84' lang='lat' dir='ltr'>habent</span> <span class='ocrx_word' id='word_1_308' title='bbox 1501 3970 1516 4024; x_wconf 80' lang='grc' dir='ltr'>ΙΙ</span> <span class='ocrx_word' id='word_1_309' title='bbox 1894 3971 1963 4014; x_wconf 91' lang='lat' dir='ltr'>col</span> <span class='ocrx_word' id='word_1_310' title='bbox 1996 3971 2071 4013; x_wconf 82' lang='lat'>111</span> <span class='ocrx_word' id='word_1_311' title='bbox 2104 3969 2247 4013; x_wconf 76' lang='lat'>9-17</span> <span class='ocrx_word' id='word_1_312' title='bbox 2280 3981 2385 4024; x_wconf 88' lang='lat' dir='ltr'>per-</span> 
     </span>
     <span class='ocr_line' id='line_1_47' title="bbox 238 4037 1938 4097; baseline 0.002 -17"><span class='ocrx_word' id='word_1_313' title='bbox 238 4037 410 4080; x_wconf 80' lang='lat' dir='ltr'>fectum</span> <span class='ocrx_word' id='word_1_314' title='bbox 441 4039 586 4082; x_wconf 87' lang='lat' dir='ltr'>medii</span> <span class='ocrx_word' id='word_1_315' title='bbox 617 4054 706 4094; x_wconf 90' lang='lat' dir='ltr'>om,</span> <span class='ocrx_word' id='word_1_316' title='bbox 736 4054 824 4084; x_wconf 90' lang='lat' dir='ltr'>nec</span> <span class='ocrx_word' id='word_1_317' title='bbox 855 4040 1005 4084; x_wconf 82' lang='lat' dir='ltr'>minus</span> <span class='ocrx_word' id='word_1_318' title='bbox 1036 4041 1158 4084; x_wconf 83' lang='lat' dir='ltr'>infra</span> <span class='ocrx_word' id='word_1_319' title='bbox 1188 4053 1346 4084; x_wconf 88' lang='lat' dir='ltr'>omnes</span> <span class='ocrx_word' id='word_1_320' title='bbox 1376 4039 1520 4083; x_wconf 90' lang='lat' dir='ltr'>medii</span> <span class='ocrx_word' id='word_1_321' title='bbox 1550 4040 1735 4097; x_wconf 86' lang='lat' dir='ltr'>generis</span> <span class='ocrx_word' id='word_1_322' title='bbox 1766 4041 1938 4083; x_wconf 81' lang='lat' dir='ltr'>formas</span> 
     </span>
    </p>
   </div>
  </div>
 </body>
</html>
