2808 4394
1154 266 1250 310 ἈΝ
1286 291 1337 298 -
1372 237 1588 313 ‘miro
2354 273 2450 326 137

356 391 544 447 Ἑλένην
572 392 780 448 ἁρπάξας
815 394 1128 448 Ἀλέξανδρος.
1186 391 1353 448 MSyn-

354 460 496 504 cellos
537 466 642 520 περὶ
681 465 942 509 ευντάξεωε
973 463 1042 508 fol
1071 467 1196 507 212':
1237 464 1264 506 ὁ
1295 465 1353 507 ἄν

353 533 601 588 δυνητικὸς
639 536 926 589 καλούμενος
965 536 1041 580 καὶ
1084 535 1112 579 ὁ
1142 534 1353 579 ἰεοδύνα-

354 617 439 656 μοε
460 605 592 662 αὐτῷ
611 608 692 652 κέν
709 607 967 663 ποιητικός.
1002 603 1203 659 denique
1225 602 1352 648 Gaza

354 673 562 719 Lascaris
614 676 954 734 Chalcondyles
997 677 1187 733 praeter
1234 675 1351 719 alias

355 744 475 789 hanc
506 746 683 792 addunt
713 749 904 792 classem
935 747 995 792 ad
1019 746 1350 802 Dionysianas:

352 817 396 860 οἱ
427 818 478 861 δέ
508 820 768 874 δυνητικοί,
809 820 912 864 οἷον
942 820 1015 864 ἄν.
1074 818 1143 861 Ex
1170 818 1351 872 ἀναιρε·

352 892 499 932 τικῶν
535 889 722 934 nomine
762 891 867 934 orta
905 889 1128 934 Prisciani
1174 889 1351 945 species

351 957 625 1015 abneyativa
653 960 720 1004 III
753 966 866 1017 1005.
929 961 1034 1005 vide
1066 961 1127 1004 ad
1156 965 1226 1016 87,
1265 964 1351 1002 1—

351 1032 419 1082 88,
441 1034 481 1076 2.
528 1056 583 1062 —-
627 1030 891 1089 Vsurpatur
928 1034 985 1076 ἄν
1030 1032 1089 1075 ab
1129 1031 1351 1086 Dionysio

351 1099 399 1143 in
429 1101 510 1144 ὅτ’
538 1103 597 1146 ἄν
625 1103 823 1157 tantum,
855 1102 981 1159 quod
1011 1102 1120 1146 vide
1151 1102 1237 1145 sub
1268 1103 1351 1146 ὅτε

269 1163 402 1217 ,ἀνά
423 1172 710 1228 praepositio
732 1173 966 1229 bisyllaba
987 1178 1056 1228 72,
1081 1178 1118 1220 1.
1134 1172 1349 1221 ,anastro-

354 1240 497 1296 pham
530 1255 622 1286 non
651 1238 855 1300 patitur&
887 1245 949 1288 ad
981 1249 1048 1299 72,
1072 1249 1180 1288 1—2

1453 392 1608 437 Ionius
1646 393 1700 438 D.
1752 397 1809 440 de
1851 397 1968 441 coni.
2008 400 2127 453 502¹⁴
2166 397 2215 440 B.
2248 419 2302 434 =
2333 404 2451 454 2353.

1454 462 1610 508 Schn.:
1659 472 1758 511 τοῑε
1809 470 1927 511 κατὰ
1977 473 2139 513 πεῡειν
2187 474 2452 524 προοιετοῑ(

1453 534 1824 592 παρά<κεινται>
1840 538 2102 594 ἀναφορικὰ
2123 540 2242 584 κατὰ
2262 541 2452 595 πρὸςθε-

1453 618 1522 648 civ
1565 609 1652 650 τοῦ
1695 610 1748 662 ὃ,
1795 613 1959 653 ποῑοε
2007 610 2232 664 ὁποῖος,
2276 612 2452 656 noco(

1453 676 1680 722 ὁπόεοε.
1748 678 2039 723 Herodianus
2077 679 2126 723 in
2155 694 2278 737 pros.
2309 681 2454 725 Iliaca

1452 748 1512 791 ad
1543 749 1578 791 Λ
1609 752 1712 792 257:
1744 751 1867 803 φιλεῖ
1898 751 1955 793 τὸ
1986 756 2014 793 ὃ
2045 752 2137 805 πρὸ
2172 756 2259 795 τοῦ
2291 756 2331 795 ‘it‘
2362 752 2452 797 κεί-

1453 834 1596 874 μενον
1642 821 1702 874 μὴ
1753 820 1873 864 κατὰ
1922 822 2217 877 ἀναφορικὴν
2266 824 2453 867 ἔννοιαν

1452 893 1697 946 ψιλοῦεθαι
1729 924 1956 938 ......
1989 893 2254 948 προεὲθηκα
2311 895 2362 937 δὲ
2412 895 2452 938 εἰ

1454 964 1515 1017 μὴ
1538 962 1803 1017 ἀναφορικὴ
1827 961 2036 1017 (ημαεία,
2068 964 2142 1007 διὰ
2171 965 2228 1007 τὸ
2251 966 2452 1011 ὁποῖος

1453 1034 1608 1077 ὅπως
1654 1034 1728 1076 καὶ
1773 1034 1831 1077 τὰ
1870 1037 2081 1077 τοιαῦτα.
2158 1034 2326 1080 Arcad.
2367 1035 2453 1079 XX

1451 1107 1572 1159 224¹⁸
1602 1101 1780 1147 Schm.:
1812 1105 2023 1149 ὁπόεοε
2055 1106 2256 1149 ὁποῖος
2288 1108 2362 1149 καὶ
2392 1108 2452 1151 τὰ

1451 1175 1590 1228 ὅμοια
1629 1175 1694 1218 ὡ(
1732 1176 1995 1231 ἀναφορικὰ
2032 1175 2291 1219 δαεύνεται.
2345 1176 2451 1221 vide

1451 1245 1608 1290 adnot.
1641 1246 1701 1289 ad
1731 1251 1800 1300 40,
1833 1250 1943 1290 2—3
1977 1247 2025 1290 et
2054 1247 2267 1301 ἀόριετοε

293 1308 659 1369 ἀναγινώσκω
707 1316 867 1360 recito:
908 1317 1190 1375 ἀναγνῶμεν
1227 1320 1278 1370 6,
1309 1320 1347 1359 9-
1391 1315 1788 1379 ἀνδρειότερος
1828 1316 2096 1374 exemplum
2143 1318 2450 1375 comparativi

348 1383 774 1437 ἀναγινωεκόντων
826 1391 874 1441 6,
923 1391 988 1436 13.
1033 1411 1086 1419 —-
1136 1388 1348 1441 ἀναγνω-
1448 1395 1517 1444 27,
1548 1394 1575 1433 4
1606 1390 1655 1433 et
1684 1395 1709 1434 5

350 1457 486 1500 ετέον
517 1461 558 1512 6,
582 1463 621 1502 6.
653 1484 702 1489 —
736 1458 856 1503 hanc
886 1459 1084 1503 formam
1115 1459 1250 1503 erant
1269 1457 1350 1515 qui
1393 1462 1582 1517 ἀνδρῶν
1612 1461 1809 1504 fortasse
1839 1459 2031 1515 legebat
2051 1458 2299 1504 Armenius
2328 1460 2453 1504 inter

348 1526 561 1583 legerent
604 1531 727 1575 inter
765 1530 983 1586 exempla
1020 1528 1346 1574 adverbiorum
1450 1532 1667 1588 exempla
1695 1530 1893 1575 nominis
1925 1535 2222 1586 περιεκτικοῦ
2252 1537 2323 1587 42,
2355 1537 2381 1575 2

350 1601 553 1644 θετικῶν
582 1605 650 1654 85,
671 1607 710 1645 2.
756 1600 864 1645 vide
895 1601 1052 1645 adnot.
1393 1605 1425 1662 †
1446 1604 1782 1664 ἀνεπέκτατοε.
1847 1603 2187 1647 ἀνεπεκτάτων
2223 1605 2334 1646 κατ’
2379 1604 2452 1647 εὐ-

293 1663 605 1729 οένοὶγνωσις
634 1672 845 1717 recitatio
874 1676 915 1728 5,
939 1677 981 1715 4.
1015 1677 1056 1727 6,
1080 1675 1105 1715 5
1450 1679 1583 1719 θεῑαν
1614 1676 1689 1718 καὶ
1711 1674 1870 1728 ἑνικὴν
1891 1678 2071 1718 πτῶειν
2092 1687 2121 1716 a
2141 1673 2452 1724 deterioribus

293 1740 573 1796 ἀναιρετικοὶ
604 1745 844 1798 (ύνδεεμοι
882 1742 1184 1800 appellantur
1214 1744 1272 1787 ἄν
1302 1746 1351 1788 et
1450 1745 1650 1789 testibus
1685 1750 1750 1799 15,
1774 1749 1794 1787 1
1828 1743 2065 1788 adduntur
2096 1744 2155 1788 ad
2184 1745 2345 1789 τελικὰ
2374 1745 2452 1800 ἀρ-

350 1812 431 1856 κέν
462 1826 490 1856 a
519 1815 872 1869 posterioribus
924 1814 1028 1858 vide
1060 1815 1145 1858 sub
1177 1816 1236 1859 ἄν
1451 1821 1648 1862 (ενικῶν
1672 1815 1925 1870 ὀνομάτων
1950 1816 2151 1871 (τοιχεῖά
2176 1816 2269 1860 ἑετι
2294 1816 2451 1869 πέντε,

292 1876 596 1940 *Ἀνακρέων
627 1886 892 1942 exemplum
923 1885 1117 1930 diiambi
1150 1891 1243 1938 121,
1268 1892 1288 1930 1

292 1955 630 2011 ἀναλογητικό(
670 1958 719 2000 et
748 1957 1050 2011 ἀναλογικόεε
1098 1957 1158 2001 ad
1191 1962 1292 2013 105,
1324 1964 1346 2002 1

1451 1888 1562 1945 quia
1600 1886 1662 1932 ad
1701 1887 1817 1931 haec
1847 1885 2050 1941 quinque
2082 1890 2127 1941 (ν
2154 1889 2175 1931 ξ
2197 1901 2224 1941 ρ
2247 1901 2269 1932 ε
2289 1888 2343 1941 ψ)
2375 1900 2452 1930 ac-

1450 1959 1623 2004 cedunt
1653 1960 1686 2004 ἔ
1715 1958 1764 2002 et
1795 1960 1839 2014 ῖ,
1877 1959 1915 2002 si
1953 1957 2185 2001 rationem
2224 1957 2452 2002 habemus

349 2030 397 2081 (p
431 2030 510 2070 106
526 2027 667 2082 med.)

290 2089 593 2154 ἀναλογίας
623 2099 894 2154 ἐκλογιεμόε
926 2100 1194 2157 appellatur
1215 2113 1349 2145 cano-

1450 2032 1594 2076 etiam
1642 2029 1883 2074 nominum
1914 2030 2164 2074 ἑπέκταειν
2192 2042 2451 2086 passorum,

1451 2101 1612 2157 qualia
1640 2102 1750 2146 sunt
1778 2102 1958 2146 τοιόεδε
1990 2101 2037 2145 et
2066 2100 2298 2145 τοιουτοεί

348 2182 459 2211 num
491 2168 703 2214 flexionis
735 2171 967 2226 expositio
999 2176 1040 2226 6,
1065 2177 1105 2216 2.
1156 2171 1349 2216 Melam·
1394 2170 1796 2235 ἀνθρωπίσκος
1815 2171 2080 2227 exemplum
2101 2170 2300 2215 nominis
2317 2170 2449 2214 dimi-

348 2253 435 2295 pus
467 2239 718 2285 scholiasta
738 2242 994 2296 ἀναλογίαν
1013 2243 1352 2299 interpretatur

326 2303 604 2365 'napdeecw
633 2316 735 2356 τῶν
765 2314 945 2367 ὁμοίων

293 2384 314 2407 *
338 2383 621 2428 ἀνάπαιστος
654 2389 748 2438 118,
770 2389 809 2428 4.
844 2389 940 2439 123,
966 2390 986 2428 1
1020 2386 1068 2430 et
1097 2390 1125 2429 4

291 2454 748 2509 ἀναπληρωματικόε
786 2471 827 2499 v.
859 2458 1351 2513 παραπληρωματικό(

292 2525 539 2570 ἀνάεταειν
578 2538 664 2583 pro
704 2527 925 2572 ἀνάταέιν
961 2527 1008 2571 in
1041 2528 1079 2571 G
1119 2527 1277 2573 codice
1309 2529 1357 2584 6,

1449 2243 1604 2288 nutivi
1634 2249 1705 2299 28,
1737 2250 1760 2288 7

1394 2306 1702 2377 ἅνθρωπος
1732 2314 1998 2372 exemplum
2025 2312 2224 2358 nominis
2244 2312 2451 2371 appella-

1451 2386 1536 2431 tivi
1565 2391 1636 2442 24,
1667 2392 1706 2431 5.
1737 2391 1805 2440 34,
1835 2391 1875 2429 2.
1916 2384 2183 2442 exemplum
2212 2384 2453 2429 nominum

1452 2458 1636 2516 generis
1666 2456 1923 2502 communis
1960 2460 2094 2512 25,‘2
2132 2457 2180 2500 in
2210 2456 2342 2500 libris
2372 2456 2451 2500 de-

1452 2528 1701 2574 terioribus
1732 2528 1947 2572 omnibus

352 2599 404 2639 15
435 2596 577 2651 atque
608 2597 752 2641 etiam
782 2600 830 2641 in
862 2597 916 2653 L,
957 2599 1037 2643 sed
1075 2598 1143 2643 ibi
1173 2612 1350 2644 correc—
1395 2600 1704 2654 ἀνταγωνίζω
1745 2599 2008 2656 exemplum
2054 2597 2185 2644 verbi
2228 2611 2451 2655 parasyn-

348 2667 462 2721 tum,
495 2666 697 2724 denique
729 2668 872 2713 etiam
901 2670 950 2713 in
980 2670 1167 2714 scholiis
1188 2670 1348 2714 Matri-

347 2737 580 2782 tensibus:
611 2739 719 2793 vide
740 2740 972 2785 Addenda
990 2756 1021 2798 p
1042 2741 1275 2785 LXXVIII
1295 2747 1349 2787 39

1451 2671 1571 2716 theti
1600 2676 1651 2716 51
1665 2706 1676 2726 ,
1712 2677 1731 2714 1
1771 2671 1820 2714 in
1852 2669 2047 2715 GBVH
2061 2671 2099 2725 f,
2140 2669 2450 2724 ἀνταγωνίζο-

1451 2757 1529 2798 μαι
1550 2742 1726 2787 ibidem
1745 2741 1795 2785 in
1816 2741 1854 2785 Τ

293 2803 642 2870 ἀναστρέψω.
702 2812 788 2855 οὐκ
838 2812 1218 2868 ἀναετρέφοντοε
1261 2817 1348 2857 τοῦ
1395 2809 1848 2861 ἀνταποδοτικόν
1892 2814 2043 2867 ὄνομα
2081 2818 2158 2866 33,
2200 2817 2239 2856 3.
2297 2817 2374 2867 40,
2406 2818 2449 2856 2.

349 2881 495 2934 λόγου
535 2881 591 2925 de
625 2894 681 2925 ea
711 2884 1037 2940 conversione,
1078 2897 1219 2939 quam
1248 2884 1349 2927 Ari-

349 2951 548 2996 stoteles
608 2951 780 3007 aliique
836 2953 978 3011 logici
1027 2956 1349 3011 ἀντιετρέφειν

353 3024 496 3068 verbo
529 3023 935 3081 significaverunt,
967 3030 1034 3081 38,
1060 3031 1098 3070 1.
1142 3052 1196 3058 -
1241 3027 1348 3071 ἀνα-

1452 2886 1526 2929 est
1554 2899 1697 2928 unum
1728 2898 1785 2928 ex
1816 2884 2040 2940 quattuor
2060 2883 2327 2928 nominibus
2349 2883 2448 2938 qui-

1449 2956 1538 3000 bus
1567 2955 1623 2999 D.
1671 2960 1888 3001 τοιοῦτο(
1919 2959 2143 3000 τοιοῦτο(
2171 2957 2450 3010 τηλικοῦτο(

1451 3026 1684 3085 appellari
1728 3027 1855 3073 dicit.
1921 3026 2181 3070 Priscianus
2224 3026 2450 3071 redditivi
2489 3031 2493 3035 ’

1450 3097 1639 3143 nomine
1672 3097 1922 3143 convertit:
1955 3097 2016 3142 ad
2044 3102 2114 3152 40,
2151 3102 2259 3141 1-2

1393 3165 1516 3216 ἀντὶ
1536 3168 1821 3226 praeposit-io
1842 3167 2076 3225 bisyllaba
2096 3173 2165 3223 72,
2186 3174 2220 3212 1.
2243 3198 2296 3204 -
2317 3182 2447 3211 usur-

350 3097 634 3150 (τρέφονται
665 3096 722 3140 de
752 3097 1154 3153 praepositionum
1184 3099 1348 3143 traiec-

347 3165 477 3210 tione
510 3171 578 3221 71,
601 3172 639 3213 2.
672 3167 739 3211 cfr
769 3167 925 3212 adnot.
957 3168 1018 3213 ad
1049 3174 1116 3225 70,
1139 3175 1250 3214 2-3

293 3232 560 3294 ἀνάτασις
595 3238 796 3282 sublatio
832 3240 972 3295 vocis,
1019 3254 1114 3295 qua
1151 3240 1351 3285 efficitur
1449 3245 1589 3297 patur
1618 3245 1685 3294 63,
1716 3245 1741 3284 2

350 3309 569 3353 accentus
600 3310 786 3354 acutus:
818 3311 1041 3357 ἀνάταειν
1072 3316 1112 3367 6,
1138 3316 1189 3356 15
1393 3313 1662 3366 ἀντιβάλλω
1689 3312 1746 3355 de
1773 3311 1984 3355 codicum
2001 3309 2251 3355 collatione
2267 3309 2378 3353 XIII
2394 3314 2449 3355 43

292 3375 586 3441 ἀναφορὰν
618 3381 917 3438 (relationem)
956 3382 1220 3440 significant
1250 3384 1350 3428 ἑκά·
1393 3377 1719 3441 ἁντιγονὶζω
1757 3381 2024 3438 exemplum
2062 3381 2194 3427 verbi
2230 3394 2447 3439 parasyn-

348 3464 483 3506 τερος
515 3453 805 3513 θίγὲκαετοε,
843 3467 965 3509 quae
994 3455 1047 3498 fit
1076 3455 1136 3499 ab
1168 3454 1347 3499 duobus
1446 3454 1568 3499 theti
1597 3459 1664 3506 51,
1693 3459 1711 3496 1

351 3523 425 3567 vel
454 3522 666 3579 pluribus
698 3525 758 3568 ad
780 3539 943 3568 unum:
974 3531 1044 3582 41,
1068 3532 1094 3571 3
1391 3529 1412 3553 ²*
1430 3526 1737 3571 ἀντίεπαετοε
1767 3526 1891 3571 πού(
1924 3530 2017 3579 120,
2046 3530 2097 3569 10

290 3587 640 3654 ἀναφορικὸν
659 3595 809 3651 ὄνομα
830 3602 900 3651 33,
921 3603 962 3641 3.
994 3602 1064 3652 40,
1089 3603 1124 3641 1.
1156 3597 1243 3642 hac
1264 3611 1347 3655 ap·
1390 3597 1760 3652 ἀντιετοιχάριον
1798 3598 1846 3641 et
1881 3596 2221 3652 ἀντιετοιχικὸν
2251 3595 2447 3639 vocatur

347 3664 604 3722 pellatione
636 3665 712 3721 (de
734 3680 827 3722 qua
846 3668 953 3713 vide
979 3667 1346 3713 CEASchmidtii
1447 3668 1631 3712 lexicon
1652 3667 2091 3725 orthographicum:
2113 3666 2200 3709 XII
2222 3671 2289 3715 20.
2314 3665 2445 3710 XVII

348 3735 599 3792 Beitraege
637 3752 665 3792 p
697 3740 952 3795 576—580)
983 3740 1232 3796 Dionysius
1262 3752 1346 3783 no-
1448 3743 1502 3784 35

348 3806 497 3850 minat
533 3811 748 3853 τοιοῦτο(
786 3814 1011 3856 τοεοῦτοε
1048 3814 1348 3867 τηλικοῦτος,
1391 3803 1740 3867 ἀντιστοιχεῖ
1765 3811 1825 3855 τὰ
1855 3811 1993 3855 δαεέα
2022 3814 2122 3855 τοῖς
2151 3811 2304 3865 ψιλοῖς
2327 3813 2393 3862 13,
2419 3817 2445 3856 3

349 3891 454 3922 cum
498 3879 620 3922 δετιε
670 3879 836 3924 ὁποῖος
885 3881 1058 3929 ὁπόςοε
1104 3882 1345 3938 ὁπηλίκος,
1449 3881 1507 3924 de
1547 3880 1613 3926 eis
1651 3881 1868 3939 aspiratis
1909 3893 2027 3936 quae
2056 3879 2107 3923 in
2135 3882 2348 3924 tenuium
2378 3881 2444 3925 lo-

350 3962 470 4004 quae
510 3961 594 3992 nos
632 3949 832 3994 relativa
868 3964 1107 4007 vocamus,
1147 3965 1238 3996 uno
1256 3948 1346 3996 ’ἀο-
1449 3964 1550 3995 cum
1583 3952 1837 3997 succedunt
1866 3953 1975 3997 ante
1996 3949 2210 4007 spiritum
2231 3965 2446 4009 asperum

351 4019 525 4075 ρίετων
545 4021 734 4066 nomine
756 4023 1006 4079 nuncupet.
1040 4023 1091 4067 at
1111 4022 1350 4080 discrepat
1392 4017 1578 4069 ἀνύτω
1609 4023 1875 4081 exemplum
1905 4015 2073 4067 tertiae
2104 4015 2446 4080 coniugationis

351 4090 661 4148 posterIOrum
690 4091 1162 4142 technicorum—usus.
1206 4093 1348 4154 Apol-
1451 4093 1788 4154 barytonorum
1818 4097 1886 4149 55,
1906 4098 1933 4137 4
1965 4093 2172 4147 [ἀνύττω
2193 4092 2289 4139 VH
2299 4093 2386 4152 Af]
