2808 4394
55 0 142 93 314

830 255 917 303 DE
964 254 1538 316 coNsoNANTIVM
1578 253 1962 302 SPECIEBVS
2413 256 2477 309 13

107 451 110 454 ,
154 405 300 444 pemb
323 389 532 443 τούτων
569 376 700 455 τρία,
742 395 770 456 β
821 407 854 453 γ
898 394 945 443 δ.
992 389 1120 453 μέςα
1157 388 1216 440 δὲ
1254 385 1471 454 εἴρηται,
1510 387 1591 440 ὅτι
1617 391 1725 439 τῶν
1753 389 1847 452 μὲν
1869 389 2045 453 ψιλῶν
2072 386 2175 440 ἐςτι
2201 389 2477 457 δαςύτερα,

259 503 300 535 25
322 480 432 528 τῶν
471 476 530 527 δὲ
568 474 774 527 δαςέων
813 474 1086 539 ψιλότερα.
1161 472 1245 523 καὶ
1281 471 1386 523 ἔςτι
1420 472 1484 524 τὸ
1522 473 1617 535 μὲν
1680 476 1709 536 β
1763 471 1921 535 μὲςον
1959 476 2055 524 τοῦ
2094 476 2138 525 π’
2179 473 2261 525 καὶ
2297 476 2366 539 ᾧ,
2414 474 2477 525 τὸ

322 560 381 611 δὲ
418 559 451 621 Ῠ
489 559 646 624 με’ςον
685 562 781 611 τοῦ
827 561 857 610 ι’(
894 558 977 611 καὶ
1014 562 1063 623 ῖς,
1103 557 1166 609 τό
1206 558 1265 609 δὲ
1290 545 1333 609 ‘b
1384 557 1543 621 μέςον
1589 560 1685 608 τοῦ
1723 545 1762 606 ὅ
1799 557 1883 607 καὶ
1919 559 1963 608 ἶ.
2038 558 2373 622 Ἀντιςτοιχεῑ
2419 559 2479 610 δὲ

321 644 387 695 τὰ
426 644 587 696 δαςέα
624 646 738 695 τοῖς
777 645 972 708 ψιλοῖς,
1010 647 1086 710 τῷ
1123 643 1219 705 μὲν
1257 643 1304 692 τῖ
1341 642 1402 693 τὸ
1430 644 1491 706 ᾧ,
1521 639 1722 694 οὕτως·
1764 640 1983 692 «Ἀλλά
2021 659 2130 706 μοι
2172 641 2309 708 εἴφ’
2346 643 2477 711 ὅπῃ

218 727 508 796 ,3οέςχες
544 726 582 796 †
614 727 728 780 ἰὼν
767 727 1045 792 εὐεργέα
1070 728 1231 790 νῆα»
1271 729 1322 793 <ι
1348 725 1502 792 279),
1541 731 1616 794 τῷ
1654 726 1712 777 δὲ
1746 725 1776 776 ἰ
1811 724 1876 777 τὸ
1912 728 1972 790 i·
2014 726 2270 791 «Αὐτίχ’
2307 727 2338 779 ὁ
2365 729 2477 792 μὲν
2505 738 2535 783 5

321 894 689 950 [stcnssmn'ru
722 909 1008 938 scmP'rVRAE
1040 909 1089 937 m
1119 893 1493 950 LGBVHAfb]
1564 892 1595 937 2
1626 893 1676 936 δὲ
1707 905 1782 936 om
1805 890 1845 935 G
1873 894 1878 947 ξ
1919 892 2036 950 ἔςτι]
2059 894 2168 949 ἔςτη
2189 892 2247 935 L¹
2274 894 2356 951 sed
2378 894 2481 951 ipsa

319 965 473 1020 prima
502 979 664 1009 manus
692 966 870 1022 puncta
898 965 1055 1022 posuit
1084 977 1226 1019 supra
1254 964 1459 1020 priorem
1491 979 1520 1019 η
1551 963 1737 1007 litterae
1761 962 1953 1006 ductum
1979 965 1987 1019 Ι
2041 965 2170 1019 prius
2200 966 2256 1008 τὸ
2289 978 2364 1008 om
2397 964 2436 1008 G
2471 966 2477 1022 Ι

319 1036 428 1079 ante
462 1040 506 1090 ᾧ
536 1035 628 1080 add
659 1041 744 1080 τοῦ
780 1035 987 1079 VHAfb
1009 1036 1025 1091 ΙΙ
1047 1035 1078 1079 3
1111 1037 1220 1079 ante
1251 1039 1280 1090 ῐ
1311 1036 1361 1079 et
1390 1036 1500 1078 ante
1532 1038 1561 1077 ῖ
1591 1033 1685 1076 add
1714 1037 1800 1077 τοῦ
1834 1032 2042 1077 VHAfb
2077 1037 2195 1086 Ιτοῡ
2227 1040 2255 1077 ’τ
2287 1038 2362 1078 καὶ
2392 1039 2477 1079 τοῦ

319 1098 347 1152 ὅ
378 1108 499 1163 bu4
527 1108 606 1164 τά]
641 1108 669 1160 ἡ
703 1106 872 1162 ΘΙτῶ
906 1109 990 1160 μὲν
1021 1112 1065 1150 ‘ff
1094 1107 1151 1149 τὸ
1182 1110 1226 1160 ᾧ
1257 1106 1387 1148 L²B2
1419 1108 1476 1150 τὸ
1509 1106 1595 1159 μὲν
1624 1108 1668 1147 ἶ
1697 1108 1766 1158 τῶ
1798 1107 1842 1157 ᾧ
1873 1102 1953 1156 L¹,
1982 1105 2040 1147 τὸ
2073 1106 2156 1157 μὲν
2188 1110 2230 1148 π’
2261 1105 2478 1159 καὶῷθ,

318 1180 376 1222 τὸ
409 1180 494 1232 μὲν
523 1182 568 1233 ᾧ
602 1182 672 1234 τῷ
704 1181 748 1221 ff
781 1176 987 1220 VHAfb
1013 1178 1022 1233 Ι
1048 1178 1162 1232 εἴφ’]
1198 1177 1239 1221 εἰ
1268 1177 1315 1220 in
1346 1191 1420 1221 ras
1450 1175 1514 1218 L¹
1557 1178 1573 1232 n
1614 1175 1644 1219 5
1678 1176 1764 1219 ἰὼν
1796 1175 1990 1229 εὐεργέα
2021 1179 2112 1230 νῆα
2151 1174 2480 1229 GBVHAfb,

320 1261 394 1291 om
426 1248 494 1302 L¹,
526 1247 620 1292 add
649 1247 698 1290 in
728 1261 810 1303 mg
840 1247 894 1290 L³
919 1250 927 1299 Ι
952 1252 1039 1291 τῶι
1069 1249 1118 1291 δὲ
1150 1252 1178 1291 ιῖ
1206 1252 1295 1291 τῶι
1325 1253 1355 1301 ἶ
1383 1246 1460 1300 L¹‚
1510 1246 1593 1290 sed
1623 1259 1765 1303 supra
1794 1244 1922 1301 prius
1951 1249 2041 1289 τῶι
2070 1247 2174 1302 ipsa
2202 1247 2356 1303 prima
2384 1260 2479 1289 ma-

317 1333 404 1361 nus
434 1332 505 1362 scr
537 1320 584 1372 ὸ,
622 1317 824 1361 alterum
860 1322 947 1362 τῶι
977 1317 1039 1361 L²
1077 1318 1126 1361 in
1156 1320 1214 1362 τὸ
1244 1318 1470 1371 mutavit;
1519 1319 1577 1380 τό
1615 1318 1665 1362 δὲ
1693 1322 1722 1361 ἰ
1750 1321 1820 1374 τῷ
1851 1321 1880 1374 ἶ(
1912 1315 2095 1372 GVAf,
2127 1322 2198 1373 τῷ
2230 1319 2280 1362 δὲ
2307 1321 2336 1361 ἰ
2365 1318 2423 1360 τὸ
2455 1322 2482 1372 5(

318 1387 423 1442 BH,
456 1389 869 1444 τὸδὲῐτῷίἱ)

320 1544 709 1602 [D1scRnPAN'r1AE
733 1561 790 1588 m·
813 1561 1095 1589 'msa-monui
1118 1539 1353 1589 senomoss.
1377 1548 1444 1601 (Σ
1456 1549 1508 1600 λ)
1541 1560 1852 1590 ΕΒοΤεΜΔΤνΜ
1874 1547 1958 1601 (Ε)
1990 1560 2199 1589 Amonvu
2223 1546 2477 1602 sempron]

317 1617 571 1669 λεγόμενος
603 1617 876 1661 ἀδιάςτολον
907 1618 983 1660 καὶ
1013 1616 1269 1671 ἀφόριςτον
1300 1617 1486 1671 ἀφῆκεν
1525 1618 1650 1672 (cum
1680 1615 1776 1659 UH
1805 1617 2022 1670 ἀόριςτον
2060 1616 2315 1674 legendum
2347 1619 2394 1661 et
2424 1631 2480 1660 ex

317 1686 440 1732 coni.
486 1689 574 1731 τὸν
605 1688 750 1741 λόγον
781 1686 1083 1742 addendum),
1134 1687 1199 1731 ὡς
1238 1688 1358 1742 πρὸς
1390 1687 1716 1741 εἰςαγομένους
1746 1688 2098 1741 διαλεγόμενος,
2149 1689 2276 1731 οὕτω
2304 1691 2379 1731 καὶ
2411 1689 2481 1731 ἑν-

316 1760 481 1801 ταῠθα.
539 1759 672 1811 ἡμεῖς
702 1759 752 1802 δὲ
780 1759 1135 1802 ἀναπτύξαντες
1166 1759 1466 1812 διαςαφῶμεν
1499 1759 1837 1812 (διαςαφοῦμεν
1867 1757 1993 1800 recte
2015 1756 2127 1810 UH)
2161 1760 2235 1801 καὶ
2265 1758 2480 1818 λέγομεν,

316 1828 377 1870 τὰ
418 1829 530 1881 μὲςα
576 1828 782 1883 εἰρῆςθαι
813 1829 878 1872 ὡς
911 1831 985 1882 (=
1015 1829 1153 1883 πρὸς)
1198 1829 1258 1872 τὰ
1288 1828 1425 1871 δαςέα
1456 1831 1532 1871 καὶ
1563 1829 1623 1872 τὰ
1652 1830 1790 1882 ψιλά,
1847 1830 1922 1871 καὶ
1955 1828 2019 1871 ῶς
2052 1827 2094 1871 εἴ
2122 1842 2195 1872 τις
2246 1829 2480 1883 ςύγκριςιν

316 1898 598 1950 ποιούμενος
628 1900 921 1953 θερμοτάτου
952 1901 1027 1942 καὶ
1057 1900 1359 1954 ψυχροτάτου
1406 1899 1546 1954 μέςον
1575 1913 1620 1942 τι
1651 1900 1832 1943 καλέςει
1869 1899 1935 1942 ὡς
1975 1900 2095 1953 πρὸς
2134 1900 2364 1953 ςύγκριςιν
2399 1901 2481 1952 ἀμ-

317 1969 540 2023 φοτέρων
569 1973 672 2013 τῶν
701 1970 982 2024 ἀκροτήτων
1015 2003 1221 2024 .......
1250 1974 1426 2014 τοῦτον
1456 1971 1544 2013 τὸν
1574 1971 1755 2024 τρόπον
1785 1970 1845 2012 τὰ
1876 1970 1990 2023 μέςα
2019 1971 2135 2025 πρὸς
2158 1970 2241 2022 μὲν
2262 1970 2322 2013 τὰ
2343 1971 2482 2014 δαςὲα

316 2039 429 2092 ψιλά
459 2040 565 2093 ἑςτι,
598 2041 720 2094 πρὸς·
738 2041 789 2084 δὲ
808 2041 867 2083 τὰ
889 2042 1002 2095 ψιλὰ
1022 2041 1160 2085 δαςέα
1181 2042 1254 2094 (=
1274 2045 1324 2085 Σ
1342 2039 1504 2084 Goettl
1520 2041 1712 2096 361947),
1745 2053 1840 2096 qua
1860 2053 1917 2083 ex
1938 2039 2328 2096 interpretatione
2351 2040 2480 2085 colli·

321 2108 525 2164 gendum
547 2109 751 2165 videtur,
782 2110 1073 2167 Stephanum
1105 2113 1218 2167 μέςα
1239 2113 1289 2156 δὲ
1311 2111 1490 2166 εἴρηται
1512 2149 1522 2158 .
1549 2149 1559 2159 .
1583 2145 1595 2156 .
1617 2112 1956 2166 ψιλότερα-Ποῖ]
1979 2111 2130 2168 magis
2149 2110 2317 2166 legisse
2339 2125 2480 2166 quam

318 2193 462 2236 supra
493 2181 545 2236 (p
579 2186 646 2236 10,
677 2184 724 2236 4)
756 2183 1047 2237 προτακτικὰ
1079 2215 1259 2226 ......
1291 2187 1337 2226 (Ἡ
1365 2186 1441 2227 ἶυ.
1498 2179 1568 2224 Ex
1598 2181 1909 2237 Melampodis
1947 2186 1997 2226 Σ
2015 2186 2198 2238 809,4-2,
2234 2196 2322 2226 nec
2353 2180 2481 2225 inve·

315 2250 439 2295 nisse
469 2250 594 2295 hunc
622 2252 921 2297 scholiastam
951 2253 1098 2297 verba
1118 2254 1247 2297 certo
1267 2253 1545 2298 concludere
1566 2252 1678 2296 licet
1697 2266 1783 2297 nec
1812 2253 2111 2296 contrarium.
2164 2253 2256 2296 Sed
2285 2256 2334 2298 E
2343 2261 2360 2288 g
2380 2257 2428 2299 E
2438 2262 2477 2295 V:

317 2323 439 2365 διατί
469 2323 701 2376 λέγονται,
733 2323 966 2379 inquiunt,
1000 2325 1133 2378 μέςα;
1173 2325 1292 2368 διότι
1329 2329 1431 2368 τῶν
1471 2325 1555 2378 μὲν
1593 2326 1749 2378 ψιλῶν
1780 2324 1874 2367 ἐςτι
1905 2325 2155 2378 δαςύτερα,
2195 2328 2297 2368 τῶν
2328 2326 2377 2368 δὲ
2406 2327 2482 2368 δα-

317 2393 439 2436 ςέων
468 2394 710 2449 ψιλότερα.
770 2394 888 2438 Item
921 2395 1048 2439 certo
1078 2394 1272 2451 legebat
1301 2395 1350 2438 in
1382 2396 1483 2438 arte
1513 2395 1634 2438 hanc
1663 2393 1866 2438 nominis
1898 2394 2280 2451 explanationem
2301 2394 2482 2440 Psellus

315 2464 475 2519 ἑρμην.
507 2478 540 2520 Ρ
571 2468 639 2508 69.
697 2463 1156 2509 Halicarnassensem
1185 2464 1488 2522 Dionysium,
1538 2466 1621 2521 qui
1650 2465 1708 2509 de
1740 2457 1889 2522 comp.
1920 2465 2047 2508 verb.
2079 2479 2110 2520 p
2142 2469 2196 2509 83
2213 2465 2266 2513 R,
2297 2466 2479 2510 scribit:

317 2535 392 2577 καὶ
423 2534 565 2588 ψιλὸν
596 2535 683 2588 μέν
713 2536 838 2579 ἐςτιν
867 2537 1030 2580 αὐτῶν
1059 2539 1116 2581 τὸ
1147 2541 1207 2591 ff,
1240 2538 1351 2581 δαςὺ
1383 2537 1435 2581 δὲ
1463 2537 1522 2580 τὸ
1560 2541 1618 2591 ᾧ,
1652 2536 1792 2590 μέςον
1822 2537 1873 2580 δὲ
1904 2536 2080 2589 ἀμφοῖν
2111 2536 2168 2579 τὸ
2194 2526 2239 2590 ᾗ·
2278 2541 2366 2581 τοῦ
2399 2539 2482 2591 μὲν

316 2605 404 2660 γὰρ
434 2606 688 2660 ψιλότερόν
719 2607 827 2660 ἐςτι,
860 2611 945 2651 τοῦ
975 2609 1026 2651 δὲ
1056 2609 1327 2663 δαςύτερον,
1359 2621 1463 2651 eam
1494 2607 1553 2651 ob
1576 2620 1765 2651 causam
1785 2620 1880 2650 non
1901 2607 2125 2661 antestor,
2155 2607 2266 2663 quia
2285 2607 2480 2652 fortasse

317 2687 375 2718 ex
406 2676 642 2718 communi
669 2676 799 2721 fonte
830 2677 1023 2733 fluxere,
1054 2691 1176 2733 quae
1206 2679 1255 2721 in
1275 2678 1455 2722 Thrace
1488 2679 1537 2721 et
1566 2690 1687 2734 quae
1717 2677 1767 2719 in
1787 2676 2188 2722 Halicarnassensi
2217 2678 2441 2736 leguntur
2469 2680 2481 2734 1}

314 2743 345 2788 2
427 2751 516 2790 τοῦ
554 2751 598 2802 ᾧ
631 2749 707 2792 καὶ
736 2753 781 2791 ff
809 2752 859 2792 Σ
886 2754 1006 2805 810,9
1022 2748 1154 2805 (Mel)
1188 2751 1237 2793 et
1264 2749 1444 2794 Psellus
1472 2749 1522 2792 in
1552 2749 1663 2802 ςτίχ.
1696 2753 1792 2801 102,
1824 2748 1906 2791 sed
1937 2753 2022 2792 τοῦ
2054 2754 2098 2792 ἶ
2129 2751 2204 2792 καὶ
2224 2753 2270 2804 ᾧ
2300 2753 2374 2794 Eg
2403 2752 2480 2795 Eh

315 2819 384 2860 Et
422 2818 470 2860 et
505 2817 683 2862 Psellus
722 2819 770 2862 in
811 2819 924 2873 ςτίχ.
957 2825 1049 2871 138,
1087 2819 1136 2863 in
1167 2818 1265 2875 ἑρμ.
1294 2835 1325 2877 Ρ
1357 2825 1407 2864 71
1432 2821 1448 2876 ΙΙ
1583 2820 1613 2865 3
1646 2823 1732 2863 τοῦ
1759 2809 1790 2863 ὅ
1820 2823 1896 2864 καὶ
1924 2820 1973 2878 τ]
2004 2822 2197 2865 tenuem
2230 2821 2482 2877 praeponit

318 2887 442 2932 solus
464 2888 640 2932 Psellus
669 2889 717 2932 in
740 2892 909 2945 ςτίχοις
931 2895 1014 2935 104
1042 2892 1091 2935 et
1113 2896 1206 2944 154,
1228 2891 1451 2935 videlicet
1470 2891 1610 2935 metri
1631 2904 1771 2934 causa
1799 2892 1816 2946 ΙΙ
2016 2894 2047 2938 4
2085 2897 2135 2936 Σ
2152 2895 2255 2946 8124
2271 2891 2480 2948 (Steph):

316 2959 381 3001 δι’
396 2959 457 3013 ἣν
475 2959 628 3003 αἰτίαν
650 2962 919 3019 (praemitte
941 2964 1068 3007 ἄξιον
1084 2964 1293 3017 ζητῆςαι)
1316 2963 1342 3006 ὁ
1363 2964 1578 3016 τεχνικὸς
1600 2962 1802 3018 εἰρηκὼς
1822 2963 2128 3018 «ἀντιςτοιχεῑ
2147 2965 2207 3006 τὰ
2227 2964 2366 3006 δαςέα
2382 2967 2481 3007 τοῖς

316 3031 506 3083 ψιλοῖς»
536 3031 770 3086 ἐπήνεγκε
798 3035 855 3077 τὸ
886 3034 1029 3088 ψιλὸν
1059 3037 1255 3088 πρῶτον
1294 3033 1445 3077 εἰπὼν
1482 3034 1576 3077 «τὸ
1608 3034 1693 3087 μὲν
1722 3038 1768 3076 ἴτ’
1796 3035 1854 3077 τὸ
1884 3039 1974 3089 ᾧ».
2030 3034 2095 3078 sic
2133 3033 2248 3089 UH;
2295 3033 2483 3078 Bekker

316 3101 374 3143 τὸ
406 3101 489 3154 μὲν
518 3106 563 3144 'ff
591 3107 662 3158 τῷ
694 3107 751 3157 ᾧ,
786 3103 1004 3159 equidem
1036 3103 1219 3160 corrigo
1250 3105 1439 3160 τῷ.μὲν
1468 3109 1512 3148 Tr
1541 3105 1599 3147 τὸ
1629 3109 1689 3159 φῖ,
1737 3117 2022 3160 quamquam
2060 3105 2109 3148 in
2147 3104 2247 3151 cod.
2287 3103 2480 3148 Ottobo-

316 3170 458 3214 niano
491 3176 570 3216 173
603 3173 702 3226 (ubi
730 3173 808 3221 fol.
842 3178 1065 3219 161—165
1094 3174 1326 3231 posterior
1362 3174 1500 3218 huius
1539 3175 1598 3218 de
1627 3175 1798 3219 litteris
1838 3175 2004 3232 capitis
2039 3189 2150 3232 pars
2181 3175 2479 3232 explanatur)

216 3261 227 3272 ·
316 3254 483 3285 revera
511 3242 733 3299 legimus:
766 3246 896 3290 ἄξιον
927 3247 977 3289 δὲ
1005 3248 1211 3301 ζητῆςαι,
1241 3247 1314 3289 διὰ
1342 3246 1389 3290 τί
1419 3251 1484 3302 πῇ
1518 3246 1601 3299 μὲν
1631 3247 1691 3289 τὰ
1721 3247 1835 3298 ψιλὰ
1864 3250 1966 3290 τῶν
1997 3248 2179 3291 δαςέων
2209 3248 2478 3303 προτάττει,

316 3313 470 3377 λέγων
501 3315 595 3364 <<τὸ
627 3319 671 3358 ff
702 3320 771 3369 τῶ
803 3321 861 3371 ᾧ,
889 3317 948 3360 τὸ
978 3318 1028 3361 δὲ
1057 3320 1086 3360 ἱ
1115 3321 1185 3372 τῷ
1216 3320 1295 3372 ἶ»,
1331 3322 1396 3372 πῇ
1428 3318 1480 3360 δὲ
1509 3318 1569 3360 τὰ
1599 3318 1739 3361 δαςὲα
1769 3321 1870 3360 τῶν
1901 3320 2076 3372 ψιλῶν,
2110 3319 2266 3371 λέγων
2288 3319 2398 3379 ⁴«ro
2429 3319 2480 3361 δὲ

317 3387 344 3426 θ
375 3391 445 3442 τῷ
475 3389 552 3435 ἶ».
612 3390 686 3432 Eg
718 3387 767 3430 et
795 3390 875 3432 E‘'
895 3389 952 3432 τὸ
985 3389 1068 3442 μὲν
1099 3394 1144 3443 (T)
1173 3390 1230 3433 τὸ
1262 3392 1320 3443 ff,
1353 3389 1430 3432 ΕΙ)
1461 3389 1518 3432 τὸ
1541 3389 1626 3442 μὲν
1650 3392 1694 3443 ᾧ
1724 3392 1795 3445 τῷ
1816 3388 1898 3444 Til}
2027 3388 2056 3432 5
2078 3388 2271 3444 plenum
2292 3402 2480 3432 versum

317 3455 496 3500 habent
522 3454 574 3501 ’Σ
591 3462 693 3514 813,3
717 3457 902 3515 (Steph)
934 3459 985 3502 et
1012 3462 1089 3503 Eg
1120 3460 1292 3510 (totum
1323 3471 1510 3502 versum
1541 3474 1616 3503 om
1648 3461 1808 3503 cetera
1828 3461 1908 3513 E).
1968 3457 2151 3502 Psellus
2179 3460 2228 3503 in
2258 3459 2478 3515 ἑρμηνείᾳ

319 3539 351 3581 p
384 3530 455 3570 70:
491 3528 611 3572 ἀλλά
642 3542 718 3582 μοι
749 3529 855 3583 εἴφ’
885 3530 980 3585 ὅπῃ
1013 3531 1155 3585 ἔςχες,
1187 3530 1237 3573 in
1268 3531 1438 3584 ςτίχοις
1471 3534 1573 3573 123:
1607 3533 1658 3574 ςὺ
1691 3532 1742 3575 δέ
1774 3544 1851 3586 μοι
1881 3529 1986 3583 εἴφ’
2015 3530 2109 3586 ὅπῃ
2142 3533 2231 3585 τὴν
2261 3534 2380 3574 ναῦν
2470 3528 2475 3570 Ι

316 3597 375 3639 τὸ
407 3598 458 3640 δὲ
486 3601 517 3640 ἱ
545 3603 614 3653 τῷ
645 3604 676 3653 5(
702 3604 753 3644 Σ
779 3600 829 3643 in
859 3599 1079 3647 Ottobon.
1113 3606 1209 3655 173,
1250 3602 1309 3645 τὸ
1340 3600 1392 3644 δὲ
1419 3603 1450 3657 i
1479 3603 1535 3645 τὸ
1565 3605 1597 3644 Ξ
1624 3604 1721 3655 Eg,
1760 3602 1818 3645 τὸ
1848 3603 1900 3647 δὲ
1927 3603 1959 3657 ’ᾖ
1988 3608 2059 3659 τῷ
2089 3606 2121 3646 ἶ
2148 3603 2240 3654 Eb,
2277 3603 2334 3644 τὸ
2371 3602 2422 3644 δὲ
2451 3605 2481 3644 ἱ

317 3671 374 3713 τὸ
403 3673 435 3724 ἶ
463 3672 510 3713 E
521 3670 563 3724 ῑΙ
691 3675 749 3714 Σ·
767 3671 816 3714 in
847 3669 1067 3716 Ottobon.
1098 3671 1259 3729 pergit
1285 3674 1394 3728 post
1423 3686 1481 3717 ea
1510 3686 1631 3728 quae
1662 3672 1801 3717 modo
1831 3673 2126 3730 transcripsi:
2158 3674 2234 3716 καὶ
2265 3674 2388 3715 ἐςτιν
2420 3672 2479 3715 εἰ-

318 3742 447 3784 πεῖν’·
478 3741 557 3784 ἵνα
587 3741 713 3798 δείξῃ
746 3743 818 3786 ὅτι
848 3742 905 3786 οὐ
937 3744 1087 3796 μόνον
1116 3744 1255 3787 δαςέα
1285 3744 1392 3787 ἀντὶ
1414 3747 1570 3796 ψιλῶν
1592 3746 2022 3800 παραλαμβάνεται,
2055 3746 2120 3787 u‘uc
2152 3744 2230 3787 ἐπὶ
2250 3747 2335 3786 τοῦ
2359 3743 2479 3786 κατὰ

318 3811 457 3864 ἡμῶν
487 3837 542 3842 -
579 3813 691 3855 καθ’
728 3813 884 3866 ἡμῶν,
929 3815 1007 3858 ἐπὶ
1037 3814 1159 3867 ἡμᾶς
1190 3839 1243 3845 —-
1273 3815 1358 3868 ἐφ’
1389 3817 1525 3869 ἡμᾶς,
1558 3814 1724 3858 αὐτίκα
1764 3817 1791 3860 ὁ
1832 3817 1917 3869 μὲν
1947 3818 2143 3870 χλαῖναν
2173 3837 2227 3845 —-
2264 3813 2422 3867 αὐτίχ’
2452 3816 2479 3858 ό

319 3883 405 3936 μὲν
425 3885 636 3936 χλαῖναν,
658 3895 779 3939 quae
802 3883 967 3927 eadem
989 3885 1207 3940 exempla
1226 3883 1308 3927 sed
1328 3884 1504 3940 partim
1527 3886 1749 3942 corrupta
1767 3886 1991 3942 leguntur
2010 3885 2057 3928 in
2080 3884 2306 3928 Choerob.
2328 3888 2475 3947 553313:

320 4050 596 4107 [annones
619 4054 838 4110 ARMENH]
889 4055 915 4099 1
948 4055 1059 4108 μέςα
1082 4081 1133 4086 —-
1155 4054 1185 4099 2
1207 4055 1434 4110 ψιλότερα
1457 4055 1731 4099 inveniebat
1750 4058 1766 4112 Ι]
1789 4057 1819 4101 3
1841 4057 2228 4112 ἀντιςτοιχεῑ-Ρ
2251 4054 2329 4112 14,
2348 4053 2378 4098 ⁶..)
2397 4069 2472 4098 om
