2808 4394
827 242 1344 307 ΜετογςιΑςτικὸΝ
1372 285 1420 291 -
1445 253 1775 306 wimarum<

279 386 361 450 ,AO
400 386 589 442 116714:
626 388 686 431 τὰ
723 389 797 432 διὰ
835 391 921 432 τοῦ
961 392 1059 431 W
1097 388 1174 431 ἐπὶ
1206 401 1280 440 με·

282 457 468 502 τουςίας
499 459 830 512 λαμβανόμενα
859 460 888 512 ἢ
922 459 1145 513 τοιαύτης
1164 461 1279 516 ὕλης

277 530 479 583 ἐχόμενα
507 530 901 583 προπαροξύτονα
929 530 1002 573 διὰ
1023 533 1108 574 τοῦ
1129 531 1148 574 ῐ
1171 532 1280 585 γρά-

277 612 474 653 φονται,
515 598 619 643 οἷον
658 600 839 644 ξύλινος
877 600 1066 655 δρύϊνος
1104 602 1280 645 λίθινος

278 670 498 725 πέτρινος
542 670 705 724 γήϊνος
752 670 1038 725 δερμάτινος.
1092 672 1279 716 τούτοις

276 741 413 794 ὅμοια
442 741 500 784 τὸ
532 740 725 794 κάμινος
748 772 969 788 ........
992 741 1182 786 κότινος.
1205 743 1279 786 διὰ

274 814 358 854 τοῦ
387 811 406 854 ῑ
441 811 734 866 γραφόμενα,
769 811 810 855 εἰ
841 812 915 854 καί
947 812 1008 865 μὴ
1042 825 1277 866 μετουςια-

274 881 419 925 ςτικά.
465 880 690 925 Arcadius
710 894 742 936 p
759 885 831 936 65⁹
848 880 901 928 B.
918 902 974 918 =
990 886 1079 937 74„
1095 881 1272 927 Schm.:

274 953 335 995 τὰ
366 952 430 996 εἰς
462 957 558 997 W
597 953 967 1007 ὑπερδιςύλλαβα
997 955 1054 997 τὸ
1084 954 1103 997 i
1132 955 1276 1009 βραχὺ
1311 989 1320 997 .

274 1024 447 1076 ἔχοντα
490 1022 774 1079 ςημαίνοντα
815 1023 1063 1075 μετουςίαν
1094 1039 1275 1080 προπα-

273 1094 541 1147 ροξύνεται·
582 1094 784 1150 κρίθινος
815 1093 1040 1148 δάφνινος
1071 1097 1273 1151 φήγινος

274 1165 469 1219 πύρινος
500 1165 682 1210 ξύλινος
703 1163 890 1211 λίθινος.
951 1164 1175 1211 Choerob.
1202 1180 1274 1211 or-

276 1234 429 1291 thogr.
468 1234 549 1279 AO
581 1234 625 1276 ΙΙ
659 1238 796 1291 18525:
841 1236 901 1279 τὰ
949 1237 1022 1280 διὰ
1058 1241 1277 1284 roceto—c

276 1306 564 1362 ςημαίνοντα
595 1307 732 1361 μέρος
763 1306 1030 1361 ςωματικὸν
1060 1309 1089 1363 ἢ
1113 1323 1275 1364 μετου-

276 1378 480 1423 ςιαςτικὰ
524 1377 642 1420 ὄντα
686 1378 759 1421 διὰ
802 1381 887 1433 τῆς
931 1383 973 1422 ἒῖ
1016 1380 1276 1434 διφθόγγου

277 1448 528 1503 γράφεται·
561 1450 910 1501 μετουςιαςτικὰ
941 1450 1026 1503 μὲν
1047 1450 1152 1494 οἶον
1171 1452 1276 1507 χάλ·

278 1532 400 1563 κειος
422 1520 630 1574 χρύςειος
653 1520 897 1574 ἀργύρειος
919 1521 1161 1576 ςιδήρειος,
1196 1524 1273 1576 μέ-

276 1603 357 1644 ρος
387 1590 438 1634 δὲ
469 1591 732 1643 ςωματικὸν
762 1589 866 1634 οἷον
896 1591 1082 1637 κύνειος
1102 1593 1273 1646 αἴγειος

275 1664 378 1705 κτλ.
427 1661 699 1715 Anonymus
730 1659 966 1717 (Choer.?)
998 1665 1104 1718 περὶ
1134 1667 1271 1710 ποςό-

275 1745 420 1787 τητος
449 1730 738 1787 A0112859:
770 1732 830 1776 τὰ
860 1733 933 1776 διὰ
962 1737 1049 1777 τοῦ
1080 1740 1180 1781 {ff
1208 1753 1283 1794 ςη-

279 1801 508 1855 μαίνοντα
530 1803 668 1857 μέρος
689 1804 958 1856 ςωματικὸν
979 1805 1009 1859 ἢ
1033 1808 1281 1859 μετουςίαν

275 1874 352 1917 διὰ
381 1877 467 1927 τῆς
496 1877 540 1916 H
561 1874 819 1928 διφθόγγου
839 1874 1093 1930 γράφεται·
1125 1882 1185 1924 τὰ
1206 1895 1282 1937 (η-

277 1944 505 1996 μαίνοντα
543 1945 682 1999 μέρος
722 1947 1010 1999 ςωματικόν,
1058 1948 1163 1994 οἷον
1201 1952 1280 1996 ἀν-

277 2016 515 2070 θρώπειος
550 2015 649 2070 χείρ
671 2048 941 2064 .........
966 2019 1161 2072 αἴγειος·
1203 2037 1280 2077 με-

275 2087 569 2131 τουςιαςτικὰ
586 2087 652 2142 δέ,
671 2085 775 2132 οἷον
793 2088 1006 2143 χάλκειος
1023 2092 1049 2134 6
1070 2094 1283 2147 μετέχων

277 2161 364 2202 τοῦ
396 2160 596 2212 χαλκοῦ,
635 2161 711 2203 καὶ
748 2161 960 2215 χρύςειος
999 2162 1025 2205 ὁ
1066 2164 1283 2219 μετέχων

218 2224 231 2237 ’
278 2233 364 2273 τοῦ
396 2233 584 2283 χρυςοῦ,
614 2229 871 2293 ἀργύρειος,
904 2232 1145 2287 ςιδήρειος.
1205 2237 1282 2279 καὶ

192 2312 208 2319 ‘
279 2301 550 2354 διαφέρουςι
593 2301 654 2344 τὰ
690 2301 979 2356 ςημαίνοντα
1019 2305 1158 2360 μέρος
1199 2320 1282 2350 ςω-

280 2372 478 2424 ματικὸν
499 2375 600 2414 τῶν
622 2378 1028 2428 μετουςιαςτικῶν,
1062 2378 1136 2419 καὶ
1158 2377 1282 2421 ἐςτιν

280 2442 455 2494 εἰπεῖν,
495 2443 569 2485 ὅτι
609 2444 668 2486 τὰ
710 2444 995 2498 ςημαίνοντα
1027 2447 1165 2502 μέρος
1197 2461 1282 2491 ςω-

239 2537 243 2538 ⁷
284 2514 481 2567 ματικὸν
517 2513 612 2557 ἀπὸ
656 2514 886 2569 ἐμψύχων
930 2516 1179 2571 ἐγένοντο,
1223 2519 1283 2562 τὰ

280 2586 332 2628 δὲ
378 2585 728 2638 μετουςιαςτικὰ
766 2585 861 2629 ἀπὸ
906 2586 1117 2642 ἀψύχων.
1179 2602 1283 2632 cum

281 2655 371 2699 hac
403 2655 701 2699 distinctione
733 2655 800 2699 cfr
829 2669 950 2711 quae
979 2658 1028 2700 in
1048 2658 1285 2703 Eustathii

286 2726 616 2784 explanatione
649 2726 880 2782 Odysseae
912 2740 939 2770 ο
972 2734 1052 2774 108
1081 2743 1112 2785 p
1136 2735 1284 2787 177649

281 2799 524 2855 leguntur:
584 2798 658 2840 ὅτι
717 2799 742 2841 ὁ
792 2799 949 2854 ῥηθεὶς
998 2801 1281 2856 ἀργύρεος

280 2872 498 2926 κρατὴρ
538 2871 612 2912 καὶ
652 2870 679 2912 ὁ
717 2869 961 2923 χάλκεος
999 2871 1166 2927 λέβης
1205 2875 1282 2916 καὶ

280 2944 338 2986 τὸ
376 2943 621 2997 χρύςεον
661 2941 835 2985 δέπας
875 2943 950 2984 καὶ
987 2943 1046 2985 τὰ
1085 2947 1282 2987 τοιαῦτα

283 3013 636 3067 μετουςιαςτικὰ
652 3012 769 3056 ὄντα
785 3013 993 3067 διαφέρει
1009 3017 1095 3057 τοῦ
1114 3014 1280 3067 ὁμοίου

281 3086 436 3129 τύπου
473 3079 574 3127 τῶν
612 3087 891 3138 ςωματικῶν
927 3089 997 3140 τῷ
1036 3085 1131 3130 ἀπὸ
1163 3086 1280 3140 ἀψύ-

282 3170 383 3211 χων
411 3155 636 3210 γίνεςθαι,
670 3154 714 3199 οἱ
744 3157 934 3199 παλαιοὶ
965 3157 1280 3212 παραδιδόαςι,

283 3228 332 3272 et
369 3240 488 3284 quae
526 3226 574 3269 in
603 3224 696 3268 EM
733 3230 824 3282 301⁴
862 3225 958 3283 <EG
989 3229 1150 3283 57115):
1189 3230 1281 3272 δια-

285 3300 478 3355 φέρουςι
516 3299 568 3342 δέ
605 3298 665 3342 τὰ
696 3299 1043 3345 μετουςιαςτικὰ
1074 3302 1176 3342 τῶν
1207 3301 1281 3354 μέ-

284 3383 365 3425 ρος
403 3370 617 3423 ςώματος
654 3369 953 3424 δηλούντων,
996 3370 1067 3414 ὅτι
1098 3371 1158 3414 τὰ
1197 3372 1283 3425 μὲν

258 3437 267 3445 ”
286 3441 636 3496 μετουςιαςτικὰ
693 3440 788 3484 ἀπὸ
841 3440 1062 3495 ἀψύχων,
1121 3443 1181 3486 τὰ
1235 3443 1284 3485 δὲ

284 3513 522 3567 δηλοῦντα
561 3510 699 3565 μέρος
746 3512 960 3564 ςώματος
998 3513 1092 3556 ἀπὸ
1131 3513 1282 3568 ἐμψύ-

285 3597 385 3639 χων
416 3583 728 3636 παράγονται,
758 3580 957 3636 denique
987 3597 1107 3639 quae
1139 3583 1284 3627 Maxi-

285 3667 385 3697 mus
414 3651 648 3696 Planudcs
682 3651 731 3695 in
770 3650 957 3709 dialogo
996 3668 1044 3698 π.
1074 3668 1283 3710 γραμμα-

286 3728 417 3780 τικῆς
462 3722 651 3767 Bachm.
700 3722 872 3768 Anecd.
907 3723 950 3767 II
980 3728 1071 3780 89¹5
1120 3725 1279 3770 docet:

286 3796 313 3838 6
344 3796 430 3849 μὲν
460 3795 690 3839 ξύλινος
721 3796 927 3849 θρόνος
960 3797 1034 3839 καὶ
1063 3796 1285 3841 λίθινος

287 3866 476 3911 δίςκος
517 3866 863 3919 μετουςιαςτικὰ
903 3866 1141 3918 λέγονται·
1190 3867 1283 3911 ἀπὸ

286 3938 377 3991 γὰρ
405 3940 491 3980 τοῦ
524 3937 666 3980 ξύλου
698 3937 772 3979 καὶ
802 3936 934 3980 λίθου
963 3936 1188 3990 γίνονται.
1226 3939 1284 3981 τὸ

2277 263 2375 313 159

1384 387 1618 442 κτητικόν.
1651 388 1690 430 εἰ
1705 388 1793 442 γὰρ
1810 389 1884 431 καὶ
1903 389 1963 442 μὴ
1986 390 2139 441 κτῆμα
2156 389 2182 431 6
2199 388 2375 442 ὀφθαλ-

1383 458 1468 510 μὸς
1509 461 1594 501 τοῦ
1635 458 1914 512 ἀνθρώπου,
1956 459 2068 502 ἀλλ’
2099 460 2184 504 οὖν
2215 461 2376 514 μέρος·

1382 528 1540 572 οὐκέτι
1587 529 1635 571 δὲ
1681 530 1755 571 καὶ
1802 529 1848 573 ἐξ
1895 530 2148 583 ἀνθρώπου
2185 531 2376 583 γίνεται.

1382 599 1438 641 οὐ
1468 599 1558 653 γὰρ
1589 601 1746 653 ὥςπερ
1777 599 1874 643 ἀπὸ
1905 600 2045 643 ξύλου
2067 602 2249 646 ξύλινος
2271 602 2375 656 θρό-

1380 682 1461 712 νος
1490 669 1689 721 γίνεται,
1729 670 1856 712 οὕτω
1889 671 1964 713 καὶ
1994 670 2090 714 ἀπὸ
2120 671 2376 726 ἀνθρώπου

1378 739 1676 793 ἀνθρώπινος
1696 741 2082 785 καταςκευάζεται
2113 742 2374 795 ὀφθαλμός.

1377 811 1433 852 τὸ
1481 811 1564 863 μὲν
1608 811 1697 864 γὰρ
1744 811 1885 855 ξύλον
1933 815 2034 854 τῶν
2080 812 2376 867 ὁμοιομερῶν

1378 880 1518 934 ἐςτιν,
1549 881 1575 923 6
1606 881 1659 924 δέ
1691 881 1942 936 ἄνθρωπος
1971 886 2071 925 τῶν
2102 883 2375 936 ἀνομοιομε-

1378 953 1490 1004 ρῶν.
1541 951 1645 995 ἀλλ’
1675 951 1752 995 ἐπὶ
1776 952 1939 1005 μόνων
1960 956 2060 995 τῶν
2083 954 2379 1008 ὁμοιομερῶν

1375 1020 1550 1073 γίνεται
1583 1022 1643 1066 τὰ
1682 1024 2045 1076 μετουςιαςτικά.
2105 1037 2195 1066 non
2227 1023 2380 1067 obser-

1375 1092 1459 1135 vat
1494 1091 1613 1137 hanc
1650 1091 1964 1137 differentiam
2003 1095 2165 1137 auctor
2205 1095 2378 1149 epime-

1376 1162 1622 1206 rismorum
1666 1163 2006 1208 homericorum
2054 1164 2132 1207 AO
2180 1164 2198 1206 l
2238 1169 2378 1221 436311

1378 1237 1757 1286 μετουςιαςτικὸν
1807 1236 1857 1279 δέ
1911 1237 1977 1280 ὡς
2029 1236 2087 1278 τὸ
2138 1235 2379 1280 Αἰάντειος

1378 1304 1653 1360 Ἐκτόρειος,
1686 1319 1741 1349 ac
1770 1318 1828 1349 ne
1851 1306 1897 1348 in
1921 1304 2258 1362 Etymologicis
2281 1307 2380 1360 qui-

1382 1376 1487 1420 dem
1539 1377 1829 1421 observatur.
1906 1375 1993 1418 EM
2037 1380 2128 1432 30¹3
2173 1377 2281 1420 ant-e
2327 1391 2382 1420 ea

1380 1460 1500 1502 quae
1547 1447 1686 1491 modo
1732 1446 1954 1503 exscripsi
1998 1447 2145 1491 verba
2188 1447 2381 1491 exhibet

1379 1517 1495 1562 haec
1541 1522 1920 1572 μετουςιαςτικοῡ
1960 1518 2194 1575 exempla:
2240 1519 2380 1574 κέδρι-

1376 1602 1484 1642 νος,
1544 1590 1841 1646 δερμάτινος,
1891 1589 2127 1644 χάλκειος,
2173 1591 2380 1644 χρύςειος

1384 1659 1596 1714 ςταυρός,
1630 1662 1839 1717 βρότειος
1859 1662 1973 1717 χείρ,
2004 1659 2083 1703 EG
2105 1666 2226 1716 571,0
2246 1661 2381 1714 haec:

1381 1730 1591 1787 χρύςειος
1641 1734 1862 1787 ςταυρός,
1923 1733 2218 1788 ἀνθρώπειος
2267 1732 2382 1788 χείρ,

1381 1803 1687 1857 δρακόντειον
1718 1804 1838 1858 κάρα

1324 1869 1541 1931 μετοχή
1563 1874 1871 1929 participium
1901 1880 1970 1929 23,
2005 1880 2042 1918 1.
2073 1878 2143 1930 60,
2174 1879 2201 1917 2

1324 1945 1349 1972 *
1368 1946 1595 2000 μετρικός.
1627 1944 1672 1990 οἰ
1704 1946 1912 2000 μετρικοί
1946 1951 2040 1999 119,
2073 1950 2112 1990 8.
2163 1947 2383 2002 μετρικὸν

1381 2017 1588 2072 ςύςτημα
1622 2020 1714 2069 117,
1747 2020 1772 2059 5

1328 2085 1555 2145 μέτρον.
1596 2089 1768 2142 μέτρου
1800 2088 1962 2132 ἕνεκεν
1992 2092 2062 2144 96,
2094 2094 2133 2136 3.
2167 2088 2383 2145 ᾖεμέτρον

1383 2171 1539 2203 versus
1572 2163 1667 2212 122,
1702 2164 1767 2203 10.
1809 2163 1874 2207 12.
1917 2164 2011 2214 123,
2043 2165 2084 2207 5.
2131 2160 2383 2215 *ἡρωϊκὸν

1385 2230 1556 2285 μέτρον
1588 2234 1682 2283 121,
1716 2235 1768 2274 10
1799 2231 1847 2274 et
1881 2235 1944 2275 11.
1981 2235 2072 2285 122,
2107 2236 2156 2274 11

1328 2299 1500 2359 μέχρι
1529 2305 1616 2344 τοῦ
1648 2292 1689 2344 ’ὦ
1721 2305 1762 2355 9,
1794 2306 1833 2344 2.
1878 2301 2076 2357 *μέχρις
2107 2303 2154 2348 ἕξ
2189 2307 2280 2357 117,
2313 2307 2336 2344 6

1326 2367 1405 2426 μή
1434 2371 1699 2428 exemplum
1720 2371 2047 2416 adverbiorum
2069 2373 2385 2419 dehortativo-

1382 2456 1486 2485 rum
1531 2448 1612 2497 79,
1660 2447 1698 2491 1,
1776 2443 1853 2499 (ab
1899 2443 2145 2500 Apollonio
2187 2445 2385 2501 Dyscolo

1385 2512 1526 2556 etiam
1566 2514 1968 2559 coniunctionibus
2000 2515 2273 2560 dubitativis
2303 2516 2383 2560 ad-

1385 2584 1622 2628 scribitur:
1662 2585 1722 2628 ad
1759 2589 1835 2639 95,
1870 2586 1930 2642 1.)
1969 2611 2023 2618 —
2060 2589 2312 2644 usurpatur
2342 2594 2382 2642 6,

1370 2659 1455 2701 -11.
1487 2659 1555 2709 58,
1586 2661 1627 2704 4.
1660 2658 1795 2709 *110,
1827 2656 1941 2724 (ibis

1326 2728 1603 2784 μηδαμῶς
1639 2729 1902 2785 exemplum
1945 2729 2272 2774 adverbiorum
2303 2730 2385 2774 de-

1383 2798 1727 2843 hortativorum
1759 2805 1826 2854 79,
1862 2805 1883 2843 1

1326 2868 1559 2926 μηδέπω
1590 2875 1629 2924 7,
1662 2874 1687 2913 6

1326 2942 1550 2996 μηδῆτα
1580 2941 1844 2998 exemplum
1866 2942 2188 2987 adverbiorum
2214 2944 2380 2987 dehor-

1380 3011 1635 3056 tativorum
1673 3018 1747 3067 79,
1783 3019 1818 3057 1.
1879 3013 1985 3058 vide
2029 3015 2381 3060 adnotationem

1383 3082 1441 3126 de
1473 3083 1598 3127 vocis
1628 3084 1962 3142 compositione
1994 3085 2043 3129 et
2072 3088 2265 3130 accentu

1326 3151 1507 3214 μήτηρ
1553 3155 1818 3212 exemplum
1857 3155 2096 3199 nominum
2135 3156 2383 3202 feminino-

1382 3239 1481 3268 rum
1513 3225 1560 3268 in
1590 3229 1621 3281 β
1649 3226 1960 3270 desinentium
1995 3231 2121 3282 16,1.
2154 3254 2207 3259 -
2239 3230 2381 3285 μητέ-

1384 3311 1485 3352 ρων
1514 3301 1582 3351 26,
1616 3302 1640 3340 6

1328 3382 1434 3422 -μι.
1464 3372 1565 3412 τῶν
1589 3368 1655 3413 εἰς
1676 3372 1723 3422 ιῖι
1745 3370 1995 3424 ληγόντων
2016 3370 2243 3426 ῥημάτων
2264 3375 2332 3424 59,
2356 3378 2381 3414 3

1328 3440 1502 3495 μικρός.
1553 3444 1583 3483 δ
1613 3440 1778 3494 μικρόν
1813 3439 1861 3483 in
1899 3440 2209 3485 deterioribus
2247 3442 2382 3485 codd.

1384 3516 1424 3562 9,
1457 3514 1480 3553 7
1512 3512 1560 3554 et
1594 3516 1660 3564 10,
1692 3515 1717 3553 2

1328 3582 1500 3636 μικτός.
1536 3582 1707 3636 *μικτὴ
1730 3582 1871 3638 τέχνη
1894 3583 2064 3637 quarta
2085 3583 2256 3628 artium
2278 3597 2381 3641 spe-

1384 3653 1476 3696 cies
1513 3654 1561 3695 in
1600 3665 1656 3696 ea
1691 3652 1947 3718 partitione
1991 3667 2132 3708 quam
2168 3669 2286 3699 unus
2323 3669 2380 3700 ex

1383 3722 1642 3767 scholiastis
1672 3724 1722 3767 in
1742 3723 2070 3781 supplemento
2091 3726 2292 3770 secundo
2314 3727 2378 3770 le-

1387 3794 1509 3849 gisse
1532 3794 1737 3838 videtur:
1759 3795 1819 3839 ad
1843 3800 1935 3849 116,
1957 3800 2081 3839 1-2.
2099 3822 2154 3828 —
2176 3796 2380 3851 ῆι’μικτὸν

1387 3865 1570 3920 με’τρων
1600 3866 1739 3919 γένος
1769 3865 1817 3908 in
1842 3866 2164 3923 supplemento
2185 3867 2380 3911 metrico

1385 3935 1469 3979 XV
1504 3940 1529 3978 6

287 4009 337 4050 δὲ
366 4008 396 4050 ἀ
405 4021 432 4050 ν
442 4010 468 4050 θ
478 4021 506 4062 ρ
516 4007 555 4051 ώ
568 4022 601 4050 π
613 4022 626 4051 ι
636 4021 663 4050 ν
674 4021 700 4051 ο
712 4021 734 4052 ς
764 4007 791 4051 ὀ
801 4020 837 4061 φ
847 4010 874 4050 θ
884 4021 914 4051 α
924 4010 951 4052 λ
961 4021 992 4061 μ
1001 4009 1028 4051 ὁ
1038 4022 1060 4052 ς
1081 4009 1168 4052 οὐκ
1189 4009 1282 4053 ἔςτι
1327 4009 1638 4065 μιμητικῶς
1652 4007 1699 4051 in
1718 4008 1979 4051 definiendo
1989 4009 2177 4052 nomine
2193 4008 2378 4053 facticio

290 4080 681 4133 μετουςιαςτικόν,
700 4078 804 4123 ἀλλ’
818 4080 884 4123 ὡς
898 4080 958 4121 τὸ
973 4079 1281 4134 ἀνθρώπειος,

1382 4084 1451 4132 42,
1481 4082 1509 4122 4
