2808 4394
1224 272 1342 326 ΝῨΝ
1367 305 1419 311 -
1445 283 1494 325 ‘o

332 412 529 456 ticorum
561 409 775 468 plerique
806 407 894 452 hac
923 406 970 450 in
998 419 1047 450 re
1069 405 1334 449 Herodiano
1359 453 1363 457 ,

333 493 423 525 non
463 481 872 536 obtemperavere,
913 476 994 522 sed
1032 479 1121 520 νῦν
1158 476 1335 532 tempo-

332 551 420 595 rali
459 551 802 595 circumflexum
842 549 1083 592 accentum
1122 546 1333 590 immobi-

336 621 426 665 lem
458 622 737 674 tribuerunt,
768 620 855 663 νύν
890 617 1124 674 expletivo
1147 617 1334 660 acutum

333 691 668 738 inclinabilem.
728 688 883 734 Schol.
914 701 1004 731 rec.
1037 688 1083 731 in
1115 686 1335 743 Aeschyl.

333 761 499 817 Agam.
549 767 630 806 937
678 762 739 815 μή
779 760 882 816 νυν]
926 761 1040 803 καθ’
1078 759 1334 817 ὁμαλιεμὸν

334 833 666 886 ἀναγνωετέον
702 832 760 875 τὸ
800 844 885 874 νυν
923 831 999 874 καὶ
1030 831 1142 872 ἄνευ
1173 828 1332 881 τόνου,

334 903 412 946 ἵνα
443 905 470 959 ῇ
503 903 608 946 ἀντὶ
638 905 724 946 τοῦ
746 902 819 955 δή.
868 899 1018 943 Schol.
1042 912 1133 943 rec.
1158 898 1204 942 in
1226 897 1333 944 Eur.

333 972 573 1016 Hecubam
613 977 695 1016 996
734 970 893 1025 (Dind.
932 970 950 1012 Ι
982 984 1012 1026 p
1043 970 1143 1024 463)
1187 970 1336 1014 (ῶεόν

333 1058 419 1087 νυν
449 1043 616 1098 αὐτόν]
654 1043 743 1087 ἴεθι
773 1042 823 1085 δὲ
852 1042 925 1085 ὅτι
955 1042 1012 1084 τὸ
1045 1042 1129 1093 μὲν
1159 1043 1248 1083 νῦν
1278 1041 1335 1082 τὸ

334 1116 553 1170 χρονικὸν
582 1115 653 1158 ἀεὶ
686 1112 864 1167 μακρόν
896 1111 989 1155 ἑετι
1021 1114 1094 1157 καὶ
1119 1114 1335 1166 περιεπᾶ-

332 1199 428 1229 ται·
460 1186 533 1228 διὸ
565 1186 640 1228 καὶ
670 1184 728 1227 τὸ
759 1197 846 1228 νυν
877 1181 926 1238 (l.
959 1181 1113 1235 νυνίῗ)
1147 1182 1199 1226 ἐκ
1229 1183 1335 1226 τού-

333 1270 420 1300 του
451 1257 701 1309 γινόμενον
732 1254 910 1308 μακρόν
944 1253 1062 1297 ἐστι·
1094 1254 1151 1297 τὸ
1177 1253 1228 1296 δὲ
1250 1253 1336 1296 νύν

332 1327 435 1370 ἀντὶ
481 1330 566 1370 τοῦ
613 1327 670 1380 δή
710 1325 782 1369 ἀεὶ
822 1325 966 1379 βραχὺ
1007 1326 1081 1367 καὶ
1120 1324 1336 1367 ὀξύνεται

339 1397 487 1451 μόνον
517 1395 754 1450 κείμενον,
796 1395 1016 1439 (υντεθὲν
1047 1397 1098 1449 δέ
1130 1395 1338 1448 ἐγκλίνεέ

2340 284 2430 336 161

1437 410 1636 463 νήεντοε
1681 410 2047 464 ἐπιφερομένου,
2094 412 2159 454 ὡς
2205 410 2262 453 τὸ
2309 411 2436 463 (((ίγα

1438 494 1523 522 νυν
1563 480 1706 523 έετὼε
1747 482 1821 523 καὶ
1863 480 1971 533 μέν’
2002 481 2065 524 ὡ(
2098 485 2252 535 κυρεῖ(
2285 482 2437 535 ἔχων»

1438 550 1563 604 παρὰ
1612 549 1842 604 (οφοκλεῑ
1880 549 1986 605 <Αἰ.
2031 551 2127 606 87).
2188 552 2245 594 τὸ
2291 552 2338 594 δέ
2382 565 2435 605 γε

1438 623 1524 662 νῦν
1568 620 1623 662 τὸ
1670 621 2032 674 περιεπώμενον
2070 622 2299 677 ἐπίρρημα
2345 622 2437 666 ἑετι

1438 691 1657 744 χρονικόν
1708 692 1782 733 καὶ
1830 691 2006 744 μακρὸν
2046 691 2116 735 ἀεὶ
2158 692 2435 746 εὑρίεκεται·

1435 760 1506 803 διὸ
1536 762 1610 803 καὶ
1644 765 1930 815 περιεπᾶται.
1985 761 2218 806 Planudes
2249 761 2358 805 dial.
2381 762 2438 805 de

1435 830 1744 886 grammatica
1790 832 1963 876 Anecd.
2003 832 2191 877 Bachm.
2238 831 2279 875 II
2328 837 2437 888 6023:

1437 903 1494 944 τὸ
1527 904 1629 955 νῦν,
1663 901 1802 955 ἡνίκα
1833 904 1965 957 δηλοῖ
1996 906 2052 946 τὸ
2085 903 2278 958 ἀρτίως,
2311 903 2439 957 ἑπίῤ-

1438 973 1562 1027 ῥημα
1593 972 1663 1025 ὄν,
1698 973 1878 1026 μακρόν
1908 974 1960 1016 τέ
1992 973 2085 1017 έετι
2118 975 2192 1016 καὶ
2224 976 2462 1028 περι(πᾶ-·

1437 1055 1532 1085 ται·
1581 1042 1719 1095 ἡνίκα
1762 1043 1865 1085 ἀντὶ
1904 1047 1989 1086 τοῦ
2030 1044 2086 1086 νύ
2127 1046 2441 1098 παραπληρω-

1440 1116 1635 1165 ματικοῦ
1683 1114 1959 1167 (υνδέεμου,
2019 1115 2265 1167 (ύνὸεεμοε
2318 1128 2440 1169 τηνι·

1438 1187 1594 1249 καῡτα
1626 1184 1898 1239 γινόμενον,
1946 1185 2223 1239 βραχύνεταί
2275 1198 2327 1228 τε
2367 1186 2441 1227 καὶ

1438 1254 1718 1308 ἑγκλίνεται·
1766 1256 1840 1298 καὶ
1890 1254 2134 1310 (οφοκλῆε
2181 1255 2312 1307 «(ίγα
2357 1270 2443 1298 νυν

1439 1325 1619 1369 ἑετώε»
1680 1327 1753 1368 καὶ
1803 1325 2048 1380 Εὐριπίδη(
2109 1326 2297 1370 «(ῶεόν
2355 1339 2441 1367 νυν

1438 1396 1622 1440 αὐτόν»

333 1480 435 1521 ται,
470 1468 534 1511 ὡς
566 1467 818 1510 κάνταῦθα.
878 1466 948 1509 διὸ
981 1468 1055 1510 καὶ
1086 1466 1143 1509 τὸ
1174 1466 1336 1509 τοίνυν
1381 1462 1480 1522 νύξ
1502 1465 1766 1522 exemplum
1790 1466 1988 1510 nominis
2019 1469 2083 1511 ὡ(
2107 1468 2223 1522 πρό(
2246 1481 2290 1510 τι
2312 1467 2440 1520 ἔχον-

334 1537 387 1580 ἐκ
408 1539 582 1581 τούτου
603 1538 852 1592 γινόμενον
871 1537 1015 1592 βραχύ
1040 1537 1148 1581 {ci-1.
1180 1535 1333 1580 Schol.
1438 1550 1519 1580 το(
1552 1541 1619 1590 35,
1652 1541 1679 1579 4

335 1621 425 1652 rec.
462 1608 510 1650 in
548 1607 782 1664 Aristoph.
822 1606 1008 1651 Plutum
1048 1611 1132 1649 414
1169 1608 1337 1651 επεῡδέ
1381 1607 1572 1657 Τνύεεω
1596 1606 1863 1662 exemplum
1886 1609 2084 1662 quartae
2106 1609 2438 1663 barytonorum

334 1678 436 1734 νυν]
489 1683 636 1723 τοῦτο
684 1681 741 1728 τὸ
787 1692 874 1722 νυν
919 1679 1032 1722 καθ’
1082 1679 1337 1731 ὁμαλιεμὸν
1439 1677 1775 1732 coniugationis
1806 1682 1875 1731 56,
1911 1684 1929 1720 1

339 1750 685 1804 ἀναγνωστέον,
714 1749 787 1792 ἵν’
817 1748 888 1804 εἴη
920 1749 1023 1792 ἀντὶ
1046 1751 1132 1792 τοῦ
1155 1748 1211 1803 δή
1234 1781 1243 1791 .
1267 1749 1336 1801 ἐγ·
1382 1749 1489 1792 νῶϊ
1515 1747 1620 1791 vide
1652 1748 1746 1801 ἐγώ

335 1822 543 1866 κλίνεται
580 1821 669 1875 γὰρ
707 1820 778 1862 ἀεὶ
818 1821 892 1862 καὶ
936 1819 1078 1874 βραχύ
1112 1819 1206 1863 ἑετι
1238 1832 1337 1873 φω-
1382 1816 1654 1877 νωΐτερος
1683 1830 1940 1874 pronomen
1971 1820 2283 1876 possessivum
2316 1824 2385 1873 69,
2418 1824 2443 1862 2

1347 2033 1395 2102 Ξ

277 2140 306 2208 ξ
339 2161 594 2209 consonans
629 2153 693 2200 11,
729 2151 750 2191 1
785 2148 833 2192 et
863 2153 902 2192 5.
950 2151 1017 2202 14,
1049 2152 1075 2190 4
1107 2148 1156 2190 et
1186 2151 1223 2190 6.
1275 2151 1339 2196 15,

335 2227 360 2264 2
393 2222 440 2263 et
461 2226 499 2263 3.
531 2218 690 2262 littera
711 2217 1091 2262 characteristica
1111 2217 1340 2273 septimae

339 2292 679 2346 barytonorum
711 2287 1052 2344 coniugationis
1083 2293 1150 2341 57,
1174 2293 1199 2331 3

278 2362 440 2419 ξίφος
481 2359 745 2414 exemplum
784 2357 1019 2403 nominum
1062 2371 1335 2415 synonymo-

336 2445 438 2475 rum
470 2435 537 2482 36,
571 2434 597 2472 6
678 2420 688 2434 “

254 2499 481 2560 <ξυσμή.
532 2505 716 2555 Ξυεμαῖε
747 2504 1004 2545 τυποῦεθαι
1027 2500 1242 2544 dicuntur
1263 2499 1338 2542 lit-

1330 2700 1384 2762 O

281 2812 316 2860 ὃ
345 2814 521 2860 vocalis
553 2820 593 2868 9,
628 2818 664 2860 7.
718 2819 782 2866 10,
815 2819 839 2856 2
873 2817 920 2856 ct
947 2818 988 2856 4.
1038 2817 1102 2863 16,
1135 2818 1161 2856 3
1201 2813 1246 2870 [ὃ
1281 2827 1345 2866 μι-

338 2887 452 2941 κρόν
484 2886 530 2928 in
563 2884 876 2928 deterioribus
906 2883 1040 2927 codd.
1072 2889 1112 2935 9,
1138 2889 1176 2927 7.
1201 2889 1275 2936 ι10,
1299 2884 1341 2939 2]

282 2953 313 3002 ὁ
348 2956 532 3000 articuli
563 2955 866 3012 praepositivi
897 2955 1074 2998 formae
1095 2954 1237 2998 haece
1259 2966 1343 3010 pro

338 3026 567 3082 exemplis
598 3030 727 3070 sunt:
769 3027 795 3070 ὁ
827 3030 901 3077 62,
934 3030 959 3068 2
999 3026 1047 3068 et
1077 3030 1101 3068 3
1133 3026 1182 3068 ct
1212 3030 1250 3068 5.
1311 3026 1339 3078 ἡ

342 3099 430 3154 [l7,
461 3098 505 3153 2]
537 3101 605 3149 62,
643 3101 667 3139 2
700 3097 749 3140 et
777 3102 802 3139 3
834 3097 942 3151 et'†
961 3101 999 3139 5.
1059 3096 1115 3138 τό
1146 3099 1216 3149 62,
1239 3100 1263 3137 2
1295 3096 1343 3137 et

339 3174 364 3210 3
399 3168 470 3223 [et
501 3168 556 3224 5].
618 3171 704 3210 τοῦ
735 3171 804 3222 62,
837 3173 875 3211 5.
911 3170 1044 3221 †·ti'1c
1073 3170 1142 3219 62,
1176 3170 1214 3210 5.
1273 3170 1343 3221 τῷ

340 3242 415 3292 62,
447 3243 484 3281 5.
532 3238 635 3294 †·rs3
677 3242 752 3291 62,
784 3242 822 3281 5.
883 3238 968 3281 τόν
1006 3241 1082 3291 62,
1116 3242 1155 3280 5.
1208 3238 1345 3293 Ττήν

341 3313 409 3364 62,
443 3315 484 3352 5.
526 3309 564 3351 ὢ
597 3312 664 3361 62,
697 3314 734 3351 5.
774 3309 843 3352 τώ
877 3312 944 3361 62,
975 3312 1015 3351 4.
1057 3309 1116 3351 τά
1147 3307 1344 3363 (dualis)

340 3383 411 3434 62,
432 3383 472 3423 4.
524 3379 567 3422 οἱ
597 3382 667 3433 62,
690 3385 729 3426 4.
777 3379 821 3422 αἱ
853 3383 919 3432 62,
943 3383 982 3423 4.
1027 3379 1086 3421 τά
1108 3376 1344 3435 (pluralis)

341 3453 418 3503 62,
456 3455 495 3492 4.
545 3475 596 3480 -
638 3449 713 3493 De
754 3464 855 3493 usu
894 3449 1134 3493 articuli
1173 3449 1343 3505 Diony-

342 3519 472 3563 siano
525 3520 642 3563 haec
689 3519 942 3564 sufficient:
995 3520 1215 3564 articulus
1265 3532 1344 3562 no-

344 3589 455 3633 mini
485 3590 673 3646 proprio
703 3590 936 3646 praefixus
965 3595 1032 3646 26,
1066 3597 1091 3635 3
1122 3591 1170 3635 et
1199 3595 1239 3637 6.
1280 3595 1344 3644 30,

345 3666 383 3707 5.
418 3666 484 3716 31,
511 3666 545 3705 1.
581 3665 647 3715 38,
678 3665 705 3703 4
737 3664 785 3704 et
814 3667 860 3714 53
892 3675 984 3705 non
1016 3661 1203 3705 additus
1234 3666 1278 3714 9,
1308 3665 1349 3706 4.

344 3737 414 3787 27,
447 3737 471 3774 4
504 3732 552 3775 et
582 3737 620 3778 5.
672 3735 739 3784 31,
771 3738 811 3774 4.
864 3757 914 3763 -
963 3733 1097 3776 deest
1126 3731 1349 3775 articulus

345 3805 454 3845 ante
487 3801 722 3845 vocabula·
745 3801 858 3846 artis
879 3801 1213 3858 grammaticae
1237 3815 1276 3845 e.
1302 3815 1345 3856 g.

345 3876 691 3927 23,1—2.24‚
723 3877 748 3915 3
779 3873 827 3915 et
855 3877 893 3916 8.
931 3877 999 3926 48,
1035 3879 1070 3920 1.
1111 3878 1179 3926 53,
1212 3877 1374 3917 «2-4.Δ

347 3948 477 3996 58,1.
514 3970 561 3975 —
598 3942 823 3987 articulus
856 3943 1081 3998 repetitus
1113 3945 1220 3987 ante
1252 3943 1347 3998 epi-

348 4013 526 4065 theton,
561 4014 683 4069 quod
716 4015 824 4070 post
856 4027 1022 4056 nomon
1056 4015 1250 4058 articulo
1281 4013 1346 4056 in·

350 4085 578 4127 structum
610 4085 812 4140 positum
845 4086 937 4127 cst:
974 4090 1044 4140 12,
1079 4090 1118 4128 4.
1155 4110 1203 4116 -
1239 4084 1346 4127 arli-

376 4162 551 4204 Dionysii
578 4163 738 4196 Thracis
764 4172 823 4195 ars
848 4164 1100 4204 grammatica
1127 4163 1184 4195 od.
1212 4162 1332 4201 Vhlig

1442 2150 1573 2190 terae
1606 2153 1645 2195 9.
1677 2153 1718 2192 3.
1769 2147 1815 2189 in
1847 2146 2025 2203 aliquot
2055 2146 2241 2190 scholiis
2273 2147 2445 2203 legitur

1444 2221 1642 2272 ξυεμοῖε,
1667 2218 1792 2272 quod
1815 2217 1956 2261 etiam
1981 2217 2126 2262 editio
2151 2217 2446 2261 Bekkeriana

1441 2286 1609 2331 habeti
1633 2288 1741 2332 vide
1763 2287 1868 2332 adl.
1892 2287 1923 2332 l.
1944 2287 2236 2332 etAddenda
2260 2287 2444 2331 LXXIX

1441 2363 1495 2402 26

1383 2428 1516 2488 ξύω.
1576 2433 1701 2474 ξῡεαι
1733 2429 2201 2485 interpretamentum
2236 2432 2305 2475 est
2338 2432 2446 2485 γρά-

1440 2514 1524 2554 ψαι
1555 2500 1686 2544 verbi
1718 2506 1757 2555 9,
1791 2507 1816 2543 3

1449 2812 1579 2856 culus
1610 2813 1678 2856 ita
1698 2814 1978 2869 conlocatus,
2009 2816 2062 2858 ut
2082 2818 2247 2871 pateat
2268 2815 2446 2872 epithe-

1446 2884 1527 2926 ton
1559 2884 1851 2927 substantivo
1884 2884 2117 2928 adiectum
2150 2899 2239 2929 non
2271 2900 2357 2942 pro
2379 2889 2446 2931 at-

1447 2954 1625 2997 tributo
1657 2953 1805 3010 accipi
1836 2955 2036 3010 debere,
2054 2956 2134 2999 sed
2156 2970 2241 3012 pro
2262 2958 2444 3014 praedi-

1445 3028 1572 3069 cato:
1606 3029 1673 3079 57,
1706 3030 1742 3071 1.
1788 3029 1857 3080 88,
1892 3031 1929 3068 3.
1983 3051 2029 3057 —-
2087 3026 2307 3070 articulus
2337 3030 2444 3084 post

1444 3097 1642 3140 πάντων
1683 3100 1756 3148 70,
1789 3100 1837 3146 2,
1877 3097 1985 3140 ante
2024 3100 2161 3141 πᾶεαι
2201 3102 2274 3151 71,
2311 3103 2344 3140 1.
2391 3124 2443 3129 —-

1446 3168 1523 3210 ἐπὶ
1549 3168 1606 3209 τὸ
1632 3167 1753 3210 ’πολύ
1772 3171 1810 3220 5,
1832 3172 1856 3210 3
1875 3167 2022 3223 (apud
2040 3167 2283 3211 nonnullos
2299 3170 2444 3213 testes

1446 3238 1521 3281 ἐπὶ
1553 3238 1706 3290 πολύ).
1741 3262 1792 3267 -
1825 3236 2046 3280 articulus
2079 3239 2308 3295 repetitus
2338 3242 2446 3295 post

1447 3308 1522 3352 καί
1553 3312 1620 3359 60,
1643 3313 1687 3362 3;
1723 3307 1941 3351 articulus
1972 3321 2062 3352 non
2094 3310 2320 3365 repetitus
2340 3313 2446 3366 post

1449 3379 1524 3423 καί
1562 3378 1608 3421 in
1649 3377 1782 3421 codd.
1820 3378 2091 3422 melioribus
2124 3385 2198 3434 10,
2231 3385 2269 3423 5.
2319 3386 2392 3434 13,
2424 3386 2448 3423 2

1448 3452 1496 3494 et
1540 3455 1586 3504 33
1638 3449 1685 3491 in
1735 3448 1863 3491 nullo
1915 3450 2170 3506 exemplari
2223 3451 2449 3506 repetitus

1445 3522 1555 3577 post
1585 3520 1658 3562 καί
1692 3524 1757 3571 12,
1790 3523 1828 3565 2.
1878 3525 1942 3573 14,
1975 3523 2013 3563 6.
2055 3525 2123 3573 95,
2155 3525 2196 3563 2.
2257 3533 2344 3563 non
2378 3533 2445 3562 re-

1447 3589 1622 3646 petitus
1667 3590 1774 3646 post
1810 3591 1839 3644 ἤ
1871 3595 1947 3643 54,
1980 3594 2020 3633 2.
2067 3595 2142 3642 55,
2179 3596 2194 3633 1
2232 3592 2279 3633 et
2309 3597 2348 3636 3.
2397 3615 2446 3620 —

1450 3663 1478 3714 ὴ
1512 3662 1561 3705 δέ
1590 3660 1792 3718 τετάρτη
1833 3661 1934 3714 (scil
1966 3659 2168 3714 (υζυγία)
2208 3661 2279 3704 διὰ
2310 3664 2395 3704 τοῦ
2423 3650 2450 3705 ἶ

1450 3735 1476 3786 ἢ
1509 3736 1625 3775 τῶν
1657 3732 1739 3776 δύο
1770 3736 1816 3776 εἶ
1855 3731 1961 3787 (scil
1993 3732 2260 3785 ἐκφέρεται)
2292 3735 2366 3782 55,
2401 3735 2447 3773 52

1451 3802 1508 3846 de
1540 3803 1628 3846 hoc
1649 3808 1749 3847 τῶν
1773 3802 1878 3846 vide
1900 3801 2262 3847 adnotationem,
2298 3826 2346 3831 —
2381 3814 2450 3844 ar-

1451 3873 1618 3916 ticulus
1647 3873 1934 3930 pronominis
1966 3870 2320 3914 demonstrativi
2353 3870 2451 3914 vico

1451 3943 1575 3988 hisce
1615 3944 1728 3988 locis
1757 3943 1987 3999 fungitur:
2030 3943 2074 3985 οἱ
2106 3942 2189 3995 μέν
2220 3945 2290 3994 87,
2325 3946 2361 3984 1.
2406 3944 2451 3985 αἱ

1452 4015 1537 4068 μέν
1566 4019 1635 4069 68,
1668 4021 1705 4062 3,
1738 4019 1805 4066 69,
1837 4019 1877 4060 4.
1926 4014 1983 4055 τὰ
2017 4013 2100 4062 μέν
2133 4016 2199 4064 73,
2236 4016 2271 4053 1.
2325 4012 2367 4054 οἱ
2399 4013 2450 4055 δέ

1452 4090 1519 4138 87,
1555 4091 1569 4127 1
1598 4084 1681 4128 bis.
1716 4090 1784 4138 88,
1822 4087 1936 4127 lter
1967 4084 2014 4126 ct
2044 4087 2069 4125 2
2103 4081 2186 4127 bis,
2226 4082 2270 4125 αἱ
2303 4083 2353 4125 δέ
2383 4086 2451 4138 68,

2063 4159 2108 4196 11
