2808 4394
479 303 568 348 DE
597 300 1091 348 PRONOMINVM
1123 299 1532 345 GENERIBVS
1563 300 1885 344 NVMERIS
1918 299 2215 345 CASIBVS
2358 303 2423 353 67

109 445 254 484 puoh
275 432 625 497 πληθυντικὸς
673 432 856 497 ἡμεῖς
902 430 1085 496 ὑμεῖς
1128 432 1346 495 ςφεῑς·
1394 430 1735 494 παραγώγων
1784 431 1842 482 δὲ
1888 429 2061 483 ἑνικὸς
2112 429 2271 495 ἐμός
2318 429 2426 480 ςός

191 613 234 646 30

276 516 366 579 ὅς,
405 517 586 569 δυῖκὸς
622 515 754 581 ἐμώ
793 516 877 568 ςώ
916 514 986 577 ὥ,
1026 515 1378 579 πληθυντικὸς
1414 513 1564 579 ἐμοί
1601 515 1701 566 ςοί
1738 514 1816 567 οἵ.

415 600 652 655 Πτώςεις
698 599 1070 664 πρωτοτύπων
1120 599 1216 664 μὲν
1264 598 1428 663 ὀρθῆς
1475 598 1598 660 ἐγώ
1648 598 1718 650 ςύ
1763 597 1812 661 ἵ,
1860 603 2068 663 γενικῆς
2116 599 2279 664 ἐμοῦ
2317 600 2427 652 ςοῦ

277 683 379 753 οὗ,
417 688 629 749 δοτικῆς
666 684 809 750 ἐμοί
846 685 945 736 ςοί
982 681 1072 751 οἷ,
1110 672 1391 746 αἰτιατικῆς
1430 682 1536 748 ἐμέ
1575 683 1637 734 ςέ
1677 682 1728 745 ἕ,
1767 684 2010 748 κλητικῆς
2047 684 2138 736 ςύ·
2176 684 2427 748 παραγώ-

272 787 386 832 γων
413 771 472 822 δὲ
498 770 647 835 ἐμός
687 771 790 823 coc
830 767 927 831 ὅς,
966 770 1178 831 γενικῆς
1217 766 1375 831 ἐμοῦ
1416 769 1527 820 ςοῦ
1566 765 1667 834 οὗ,
1708 770 1916 831 δοτικῆς
1954 768 2083 834 ἐμῷ
2123 774 2203 835 ςῷ
2242 769 2314 836 ᾧ,
2354 766 2429 819 αἰ-
2458 768 2489 815 5

271 857 500 918 τιατικῆς
536 854 690 918 ἐμόν
729 856 841 907 ςόν
879 851 976 905 ὅν.

275 1021 629 1078 [Drscnnrmru
669 1036 945 1065 scmp'rvnm
983 1036 1030 1064 ns
1069 1019 1496 1077 LGBTVHAfb]
1572 1019 1600 1064 1
1637 1021 1767 1073 ὑμεῖς
1808 1033 1884 1063 om
1914 1018 1952 1061 T
2006 1024 2012 1073 Ι
2143 1022 2430 1075 παράγωγον

273 1092 312 1136 Τ
366 1094 374 1149 Ι
474 1094 624 1136 ἑνικὸς
656 1106 730 1135 om
763 1090 989 1134 GVHAf
1041 1091 1058 1146 ΙΙ
1155 1089 1186 1134 2
1217 1092 1362 1134 δυϊκῶ
1394 1092 1444 1134 δὲ
1474 1091 1571 1144 ἐμώ
1602 1089 1641 1133 Τ
1686 1091 1711 1143 ’1
1814 1090 1912 1143 ἐμώ
1944 1093 2009 1134 ςώ
2043 1094 2081 1136 ὥ
2113 1093 2431 1146 πληθυντικὰς

272 1175 349 1206 om
378 1163 449 1218 L¹‚
479 1163 534 1205 L²
564 1176 667 1206 corr
697 1163 800 1216 ἐμοί
831 1162 901 1206 coi
930 1161 976 1205 οἵ
1004 1161 1054 1204 in
1091 1162 1189 1214 ἐμώ
1230 1162 1296 1204 ςώ
1328 1162 1367 1204 ὥ
1407 1162 1457 1204 et
1484 1161 1534 1203 in
1564 1175 1642 1218 mg
1678 1160 1773 1204 add
1803 1163 2122 1216 πληθυντικός
2152 1162 2254 1214 ἐμοί
2286 1162 2356 1205 coi
2385 1161 2431 1205 οἵ

268 1233 283 1288 ΙΙ
341 1233 372 1278 3
403 1235 511 1290 post
540 1234 742 1278 πτώςεις
774 1231 868 1275 add
898 1233 948 1275 δέ
976 1229 1363 1293 L²GBVHAfb
1426 1232 1433 1282 1
1537 1233 1623 1285 μὲν
1653 1230 1815 1288 ὀρθῆς]
1848 1233 1877 1285 ἡ
1911 1232 2069 1276 εὐθεῖα
2100 1231 2140 1276 Τ
2201 1233 2208 1287 Ι
2307 1232 2345 1287 ἵ]
2379 1233 2430 1276 ὅς

269 1303 308 1347 Τ
361 1307 370 1358 Ι
450 1308 609 1358 γενικῆ
642 1302 681 1346 Τ
735 1304 742 1357 Ι
824 1303 933 1359 post
959 1306 1145 1357 γενικῆς
1175 1301 1268 1344 add
1298 1303 1348 1346 δὲ
1377 1301 1588 1345 VHAfb
1638 1303 1655 1358 ΙΙ
1732 1301 1765 1346 4
1803 1303 1964 1357 δοτικὴ
1995 1300 2042 1346 Τ
2087 1310 2095 1356 Ι
2174 1304 2283 1359 post
2311 1305 2431 1347 δοτι-

270 1378 354 1429 κῆς
385 1374 478 1418 add
508 1375 559 1418 δέ
597 1373 800 1417 VHAfb
856 1375 864 1428 Ι
944 1374 1175 1427 αἰτιατική
1206 1372 1245 1416 Τ
1298 1375 1304 1428 Ι
1359 1373 1467 1429 post
1496 1372 1755 1428 αἰτιατικῆς
1788 1373 1881 1416 add
1911 1375 1961 1416 δὲ
1991 1373 2021 1416 b
2052 1374 2163 1428 (non
2197 1373 2389 1429 VHAf)
2423 1378 2429 1435 Ι

270 1447 467 1501 κλητικὴ
489 1444 527 1487 Τ
553 1449 559 1499 Ι
642 1445 749 1500 post
768 1448 991 1500 κλητικῆς
1012 1443 1106 1487 add
1126 1445 1177 1488 δὲ
1197 1443 1414 1488 VHAfb
1437 1445 1453 1499 ΙΙ
1530 1443 1651 1489 4-5
1673 1444 1961 1499 παράγωγον
1981 1443 2019 1486 Τ
2041 1444 2057 1499 ΙΙ
2135 1445 2166 1489 5
2189 1445 2298 1488 ante
2321 1445 2432 1498 ἐμός

269 1515 363 1558 add
392 1516 561 1559 ἑνικῶν
593 1516 735 1570 ὀρθῆς
766 1513 827 1557 L²
859 1515 909 1558 in
939 1530 1042 1572 mg,
1074 1516 1217 1570 ὀρθῆς
1248 1514 1333 1558 ΒΤ
1373 1518 1381 1566 Ι
1463 1519 1652 1569 γενικῆς
1681 1513 1833 1557 LBT:
1865 1527 1939 1557 om
1972 1513 2227 1558 GVHAfb
2268 1518 2274 1568 Ι
2357 1516 2431 1558 δο-

267 1590 401 1642 τικῆς
431 1585 535 1628 LB:
568 1587 728 1640 δοτικὴ
760 1584 822 1639 Τ,
853 1599 929 1629 om
962 1584 1260 1641 GVHAfbl
1358 1586 1396 1641 ᾧ
1420 1598 1496 1628 om
1527 1583 1567 1628 G
1602 1585 1620 1640 ΙΙ
1726 1586 1850 1630 5-6
1882 1585 2138 1641 αἰτιατικῆς
2168 1585 2325 1629 LBT:
2356 1599 2431 1629 om

268 1798 671 1850 [DISCREPANTIAE
699 1814 756 1841 m·
783 1812 1070 1841 'res'rmonu
1098 1812 1341 1840 SCROLIOR.
1360 1798 1492 1852 (Σσ)
1522 1813 1833 1842 EROTEMATVM
1853 1801 1938 1853 (Ε)
1956 1813 2161 1843 Amonvu
2178 1799 2431 1854 scmmom]

266 1868 380 1912 1-2
410 1873 459 1913 Σ
486 1873 635 1922 9162-4
666 1868 812 1923 (Hel):
844 1869 936 1911 ἔδει
967 1868 1116 1912 εἰπεῖν
1148 1869 1300 1911 ἐνικὸς
1330 1868 1463 1923 ἐμός,
1503 1870 1662 1912 δυῑκός
1694 1870 1815 1923 ἐμώ,
1848 1870 2165 1924 πληθυντικὸς
2195 1871 2317 1923 ἐμοί,
2356 1873 2432 1914 καὶ

268 1942 329 1994 μὴ
362 1940 596 1994 πρόςωπα
626 1939 733 1982 ἀντὶ
763 1940 958 1993 ἀριθμοῦ
992 1942 1280 1993 παραςτῆςαι
1315 1939 1331 1994 ΙΙ
1621 1939 1652 1984 3
1682 1940 1791 1994 post
1820 1941 2022 1984 πτώςεις
2052 1953 2146 2006 uon
2176 1940 2354 1983 habent
2382 1942 2432 1984 δὲ

266 2010 336 2054 Σ1
368 2010 476 2053 ante
507 2013 627 2065 91612
646 2010 714 2054 Σι
746 2014 861 2064 9165,
885 2009 966 2052 sed
987 2008 1133 2052 habet
1163 2020 1198 2054 σ
1228 2010 1236 2064 Ι
1324 2010 1409 2064 μὲν
1438 2013 1547 2065 post
1566 2011 1904 2064 πρωτοτύπων
1920 2009 2067 2054 habet
2086 2011 2152 2055 Σι
2183 2014 2292 2054 ante
2314 2014 2434 2067 916¹²

267 2092 325 2134 σ,
358 2094 433 2124 om
465 2081 537 2125 Σι
564 2085 666 2136 9165
715 2081 732 2136 [Ι
1063 2079 1187 2124 3-4
1225 2080 1367 2135 ὀρθῆς
1397 2101 1453 2110 --
1481 2084 1671 2136 γενικῆς
1701 2105 1754 2112 -
1786 2083 1974 2135 δοτικῆς
2004 2105 2058 2111 —
2088 2080 2347 2136 αἰτιατικῆς
2378 2106 2430 2114 -

265 2154 486 2207 κλητικῆς
518 2151 762 2207 genetivos
793 2150 971 2194 habent
999 2163 1035 2196 σ
1066 2151 1114 2194 et
1144 2150 1211 2193 Σι
1243 2155 1344 2206 9165
1376 2151 1426 2193 et
1465 2150 1757 2206 subsequens
1789 2150 1997 2194 scholion
2027 2150 2179 2209 (Hel),
2219 2153 2300 2197 ubi
2330 2167 2430 2196 rur·

266 2236 342 2266 sus
371 2221 734 2277 reprehenditur
772 2221 1091 2278 artigraphus:
1134 2221 1276 2264 πάλιν
1308 2222 1530 2275 μέμψεως
1561 2222 1687 2267 ἄξιος
1718 2223 1744 2266 ὀ
1776 2222 2122 2277 τεχνογράφος,
2166 2222 2239 2263 ὅτι
2271 2218 2432 2271 βουλό-

267 2306 405 2347 μενος
436 2293 637 2336 πτώςεις
669 2293 1004 2346 πρωτοτύπων
1035 2292 1349 2345 ἀντωνυμιῶν
1380 2296 1692 2347 παραςτῆςαι,
1726 2293 1843 2346 μετὰ
1872 2297 1974 2336 τῶν
2004 2293 2237 2336 πτώςεων
2265 2291 2342 2333 καὶ
2371 2289 2430 2331 τὰ

266 2364 500 2418 πρόςωπα
530 2363 810 2417 παρέλαβεν.
871 2363 965 2406 ἔδει
992 2362 1081 2416 γὰρ
1111 2363 1269 2407 οὕτως
1311 2361 1479 2406 εἰπεῖν·
1520 2364 1663 2418 ὀρθῆς
1693 2363 1812 2416 ἐγώ,
1841 2368 2028 2416 γενικῆς
2059 2363 2199 2416 ἐμοῦ,
2239 2362 2430 2414 δοτικῆς

265 2433 383 2487 ἐμοί,
414 2433 669 2487 αἰτιατικῆς
702 2433 805 2486 ἐμέ,
841 2435 1062 2487 κλητικῆς
1093 2435 1169 2487 ςύ,
1206 2433 1287 2476 ἵνα
1316 2433 1459 2477 πάλιν
1490 2435 1639 2488 πάςης
1670 2435 1899 2478 πτώςεως
1931 2434 2040 2487 μίαν
2070 2434 2243 2488 φωνὴν
2273 2431 2430 2483 λέγων

267 2506 328 2558 μὴ
359 2504 534 2559 ταράξῃ
566 2506 654 2546 τὸν
684 2504 924 2557 ἀκροατήν
956 2503 1043 2557 (cfr
1073 2515 1109 2548 σ
1137 2507 1185 2548 E
1196 2505 1246 2559 ἐ).
1305 2503 1371 2547 Σι
1403 2505 1513 2547 ante
1553 2507 1672 2558 91612
1699 2504 1899 2560 praebet
1929 2505 2069 2559 ὀρθή,
2108 2503 2191 2548 sed
2222 2501 2429 2546 eiusdem

266 2573 591 2618 commentarii
626 2572 854 2616 lemmata
889 2579 1065 2629 9161618
1106 2579 1208 2630 917³
1244 2574 1423 2618 habent
1460 2577 1647 2630 γενικῆς
1685 2576 1873 2629 δοτικῆς
1910 2574 2171 2629 αἰτιατικῆς
2207 2577 2429 2629 κλητικῆς

267 2644 276 2702 Ι
547 2645 598 2687 δὲ
641 2657 718 2687 om
761 2645 870 2700 post
917 2658 1015 2698 γεν.
1047 2647 1143 2691 δοτ.
1182 2645 1272 2693 αἰτ,
1310 2645 1378 2689 Σι
1418 2650 1520 2700 9165
1542 2662 1654 2701 1618,
1698 2645 1807 2701 post
1850 2648 2073 2701 κλητικῆς
2118 2657 2305 2700 quoque
2353 2656 2429 2686 om

263 2715 333 2760 ΣΙ
365 2719 490 2770 9165,
521 2713 603 2758 sed.
632 2713 778 2758 habet
806 2715 873 2759 ΣΙ
904 2720 1006 2772 9171,
1054 2716 1071 2771 ΙΙ
1203 2768 1206 2772 ¹
1401 2717 1432 2760 4
1470 2717 1543 2772 ςύ]
1578 2715 1884 2772 quamobrem
1914 2729 2000 2759 neo
2038 2716 2192 2772 prima
2229 2728 2431 2772 persona

262 2798 350 2829 neo
396 2785 540 2829 tertia
592 2784 859 2828 vocativum
907 2786 1103 2840 habeat,
1155 2787 1397 2843 exponunt
1444 2791 1495 2831 Σ
1535 2791 1636 2843 91'7⁸
1681 2786 1915 2843 (StephP)
1968 2788 2017 2831 et
2063 2791 2114 2831 Σ
2158 2788 2266 2843 post
2312 2791 2427 2841 916¹¹

264 2854 392 2911 (Hel)
435 2857 485 2900 in
529 2855 747 2911 Hilgardi
790 2858 1139 2912 programmate
1183 2871 1214 2912 p
1248 2862 1302 2901 10
1346 2856 1452 2899 adn.
1486 2861 1535 2911 2,
1586 2857 1655 2900 cfr
1702 2856 1978 2913 Apollonius
2030 2856 2089 2900 de
2140 2870 2273 2913 pron.
2321 2857 2428 2901 25A

262 2941 295 2983 p
327 2933 404 2983 213
433 2925 570 2973 Schn.
620 2927 638 2981 ἱΙ
904 2927 934 2971 5
974 2928 1024 2970 δὲ
1061 2927 1169 2982 post
1206 2928 1511 2983 παραγώγων
1549 2940 1626 2970 om
1654 2928 1718 2972 ΣΙ
1749 2932 1889 2982 91721,
1921 2927 2004 2970 sed
2032 2927 2181 2971 habet
2209 2927 2275 2971 Σι
2304 2927 2354 2970 in
2384 2926 2429 2970 N

265 2997 392 3055 apud.
426 2996 642 3041 Waohsm
674 3001 755 3041 387
788 2997 837 3040 et
866 3001 916 3040 Σ
940 2998 1048 3053 post
1076 3002 1192 3052 91611
1223 2996 1352 3053 (Hel)
1379 2998 1387 3054 Ι
1638 2998 1748 3042 ante
1779 2998 1891 3051 ἐμός
1928 2998 2107 3042 habent
2136 2999 2278 3052 ὀρθῆς
2308 2997 2430 3040 siout

263 3072 451 3123 γενικῆς
482 3069 591 3111 ante
622 3068 758 3122 ἐμοῦ,
791 3069 977 3123 δοτικῆς
1008 3068 1118 3111 ante
1149 3069 1271 3124 ἐμῷ,
1303 3068 1561 3123 αἰτιατικῆς
1590 3068 1699 3111 ante
1729 3069 1842 3121 ἐμόν
1873 3068 1938 3112 Σι
1970 3067 2096 3124 apud
2126 3067 2350 3112 Wachsm
2380 3067 2430 3110 et

265 3143 314 3185 Σ
339 3139 449 3196 post
477 3142 595 3194 91611
626 3137 750 3195 (Hel)
782 3138 910 3194 apud.
938 3137 1072 3195 Hilg,
1109 3151 1186 3182 om
1217 3137 1425 3182 omnium
1455 3151 1646 3182 casuum
1675 3139 1867 3183 nomina
1895 3139 1962 3183 Σι
1992 3143 2112 3194 91711
2159 3139 2176 3194 ΙΙ
2395 3139 2426 3182 6

262 3211 371 3267 post
400 3211 456 3254 ὅν
486 3208 680 3265 legebat
707 3212 926 3264 κλητικῆς
956 3210 1068 3263 ἐμός
1097 3213 1147 3253 Σ
1172 3210 1282 3265 post
1309 3213 1428 3264 91611
1457 3208 1585 3266 (Hel)
1602 3199 1744 3266 ⁴apud
1774 3209 1887 3266 Hilg
1914 3224 1946 3266 p
1966 3214 2017 3253 10
2038 3208 2144 3256 adn.
2175 3215 2223 3252 2:
2254 3222 2427 3264 «παρα-

262 3281 439 3335 γώγων
458 3281 536 3326 δέ>>
567 3281 662 3324 ἀπὸ
687 3284 846 3324 κοινοῦ
863 3280 922 3323 τὸ
939 3280 1155 3332 πτώςεις,
1186 3280 1256 3323 ἵν’
1270 3283 1298 3335 ῇ
1313 3293 1323 3303 ·
1355 3281 1660 3335 παραγώγων
1682 3281 1733 3324 δὲ
1757 3280 1970 3326 τιτώςεις.
2029 3282 2203 3335 «ὀρθῆς
2222 3280 2331 3334 ἐμός
2349 3282 2425 3324 ςός

265 3353 332 3406 ὅς,
364 3355 550 3406 γενικῆς
568 3352 682 3405 ἐμοῦ
701 3354 782 3395 ςοῦ
798 3351 870 3403 οὗ,
904 3352 1090 3406 δοτικῆς
1108 3351 1206 3407 ἐμῷ
1229 3356 1294 3407 ςῷ
1317 3353 1378 3407 ᾧ,
1412 3350 1670 3406 αἰτιατικῆς
1687 3351 1800 3404 ἐμόν
1817 3351 1900 3394 ςόν
1917 3351 1987 3404 ὅν,
2019 3353 2241 3406 κλητικῆς
2272 3352 2425 3405 ἐμός.»

265 3421 408 3466 πάλιν
437 3423 513 3466 καὶ
544 3422 750 3465 ἐνταῦθα
779 3422 978 3465 πτώςεις
1001 3423 1286 3475 βουλόμενος
1309 3422 1473 3475 εἰπεῖν,
1506 3421 1868 3476 ςυμπεριέλαβεν
1890 3421 2087 3476 ἑκάςτης
2107 3422 2339 3466 πτώςεως
2365 3422 2425 3465 τὰ

263 3492 370 3548 τρία
392 3493 636 3547 πρόςωπα,
658 3493 775 3547 ὅπερ
796 3493 884 3536 οὐκ
904 3494 997 3536 ἔδει
1015 3494 1090 3537 διὰ
1109 3494 1196 3536 τὸν
1216 3493 1558 3549 προειρημένον
1579 3492 1724 3545 λόγον
1754 3490 1841 3546 (cfr
1861 3504 2004 3548 supra
2030 3491 2091 3536 ad
2121 3490 2187 3534 lin
2221 3496 2242 3534 1
2261 3492 2310 3535 et
2330 3498 2354 3535 3
2376 3492 2425 3534 et

266 3562 328 3607 ad
347 3577 379 3618 p
401 3566 470 3617 66,
488 3568 642 3618 3-67,
658 3565 717 3618 1),
737 3564 841 3607 ἀλλ’
858 3565 1012 3608 οὕτως
1032 3566 1401 3618 προενέγκαςθαι
1432 3566 1559 3619 (nam
1578 3562 1666 3605 hoo
1687 3562 1881 3606 verbum
1902 3561 2077 3619 legitur
2095 3562 2144 3605 in
2167 3562 2248 3618 0)·
2281 3564 2423 3617 ὀρθῆς

266 3633 388 3687 ἐμός,
405 3638 592 3689 γενικῆς
609 3634 736 3688 ἐμοῦ,
747 3636 935 3689 δοτικῆς
952 3635 1051 3690 ἐμῷ
1068 3638 1172 3691 (pro
1189 3647 1281 3690 quo
1298 3647 1546 3690 perperam
1563 3634 1665 3687 ἐμοί
1678 3631 1856 3688 legitur
1870 3632 1919 3675 in
1930 3630 2003 3687 O),
2022 3633 2278 3687 αἰτιατικῆς
2295 3633 2422 3687 ἐμόν,

270 3802 550 3860 [Lsc'nomzs
567 3805 785 3860 sanun]
847 3804 969 3852 3-6
1000 3818 1192 3849 casuum
1222 3805 1413 3848 nomina
1442 3804 1551 3848 ante
1580 3803 1753 3848 formas
1781 3803 2124 3861 primitivorum
2154 3802 2313 3855 habet,
2346 3814 2422 3845 om

267 3875 377 3917 aute
407 3873 682 3930 possessiva.
742 3874 866 3917 inter
896 3874 1080 3919 dativos
1110 3876 1160 3919 et
1189 3875 1479 3919 accusativos
1506 3874 1674 3919 inserit
1699 3873 2093 3919 instrumentales.
2151 3874 2260 3930 post
2288 3885 2419 3916 accu-

267 3944 441 3987 sativos
477 3943 823 4000 primitivorum
862 3946 1096 3989 convertit
1138 3949 1359 4002 κλητικῆς
1398 3946 1475 3999 ςύ,
1513 3943 1597 3990 sed
1632 3945 1753 3990 nihil
1796 3946 1940 3990 habet
1977 3943 2102 3999 quod
2140 3941 2423 3999 respondeat

270 4013 487 4058 vocativo
518 4015 652 4069 ἐμός,
691 4027 803 4071 ergo
833 4014 957 4059 hunc
996 4028 1155 4060 casum
1187 4018 1346 4072 (quem
1376 4015 1653 4062 Heliodorus
1682 4017 1732 4059 in
1761 4016 1929 4060 techne
1967 4013 2257 4069 inveniebat)
2295 4011 2424 4056 vide-

266 4083 346 4127 tur
372 4097 467 4129 non
495 4084 663 4142 legisse

2031 4157 2089 4201 ὅ.
