2808 4394
751 215 817 269 IN
848 225 1067 280 QVIBVS
1099 225 1237 269 SYRI
1267 225 1337 282 (S)
1368 224 1713 290 LEGTIONEUS-
1734 225 1963 270 INSVNT
2276 227 2444 272 XCVII

421 354 487 407 ad
525 354 620 422 85,
647 354 701 407 2.
776 356 952 408 θετικὰ
995 352 1248 406 adverbia
1294 352 1495 405 omittit
1534 348 1601 420 S,
1649 352 1738 405 sed
1777 352 1939 406 habet
1975 355 2033 406 in
2070 355 2215 407 exitu
2255 356 2444 422 capitis

279 440 411 492 alias
449 439 579 491 duas
627 439 854 507 species:
903 437 993 491 Ex
1036 439 1105 492 iis
1140 455 1258 491 vero
1298 441 1425 505 (qua
1461 437 1667 489 ratione
1713 438 2096 506 interpretatus
2135 441 2214 491 est
2250 442 2317 493 τὰ
2356 440 2440 510 δὲ)

275 526 487 578 viarum
526 523 647 593 (sic)
685 528 830 594 sunt,
875 524 1012 576 velut
1047 523 1201 576 abeat
1236 522 1467 591 (werde),
1515 522 1708 582 abeant
1743 519 2014 591 (werdun).
2088 523 2179 577 Ex
2214 525 2283 578 iis
2317 542 2436 578 vero

275 609 710 677 siqnificationem
762 609 939 662 laudis
991 607 1208 674 habent,
1264 606 1401 660 velut
1449 607 1667 674 eyreyie,
1727 608 2028 674 wzayniffice,
2088 610 2234 662 mire.
2312 627 2441 679 quas

232 709 253 740 5
278 693 474 746 classes
511 693 691 745 nescio
730 711 799 745 an
835 694 1107 744 mutuatus
1147 693 1217 743 sit
1243 689 1407 759 Syrus
1444 691 1511 743 ab
1541 690 1829 743 scholiasta
1857 708 2047 765 graeco
2077 693 2169 760 qui
2196 695 2443 762 supplere

273 777 523 830 studebat
569 778 863 846 specierum
909 776 1367 844 Dionysianarum
1424 775 1630 828 seriem.
1705 776 1861 828 werde
1909 776 2071 827 verbo
2122 778 2442 830 translatum

273 880 386 915 csse
433 863 633 928 ἐρρέτω
680 862 1008 931 putaverim,
1058 861 1200 930 quod
1244 856 1342 930 pro
1390 860 1641 913 adverbio
1690 860 1886 912 habere
1933 863 2146 929 poterat
2183 863 2270 930 qui
2310 864 2441 930 φέρε

272 946 369 1011 ἄγε
416 947 674 1000 didicerat
720 946 978 1010 adverbia,
1015 963 1134 1009 esse,
1169 946 1226 1015 (p
1265 946 1361 1010 82,
1401 944 1472 1016 1).
1549 945 1611 996 de
1651 944 1842 996 ultima
1880 947 2059 997 autem
2097 946 2263 998 classe
2303 963 2439 1015 quae

272 1031 537 1098 dicuntur,
579 1033 654 1084 sic
677 1031 789 1084 fere
815 1032 941 1084 licet
966 1032 1023 1083 in
1048 1048 1302 1100 graecum
1330 1032 1640 1082 convertere
1668 1047 1995 1082 sermonem:
2034 1032 2101 1084 τὰ
2128 1033 2186 1084 δὲ
2214 1032 2438 1086 ἐπαίνου

194 1132 248 1167 ,ιο
273 1117 574 1184 ςημαντικά,
597 1117 717 1171 οἷον
734 1117 862 1181 εὖγε
883 1116 1175 1183 ὑπερφυῶς
1198 1115 1512 1180 θαυμαςίως.
1542 1114 1660 1166 vide
1681 1114 1742 1166 Z.
1759 1113 2280 1184 Wiederherstelluny
2299 1135 2333 1185 p
2356 1118 2439 1171 71.

413 1271 477 1324 ad
515 1271 625 1338 86‚·
646 1272 699 1325 3.
758 1268 845 1345 S:
893 1273 1177 1338 ςύνδεςμος
1220 1272 1384 1338 iyitur
1428 1271 1534 1324 ἐςτὶ
1579 1271 1715 1324 λέξις
1760 1270 1945 1338 aliqua
1993 1272 2285 1325 ςυνοέουςα
2330 1273 2438 1326 διά-

268 1375 424 1412 νοιαν
461 1359 593 1422 μετὰ
629 1357 827 1412 τάξεως
865 1361 912 1410 et
947 1358 1189 1425 colliyens
1225 1357 1529 1423 effusionem
1565 1360 1612 1408 et
1646 1356 2016 1423 dispersionem
2042 1357 2332 1421 orationi&
2355 1374 2440 1410 ex-

257 1443 580 1510 plicationis.
654 1442 922 1511 putaverit
968 1441 1234 1510 quispiam
1281 1439 1476 1509 Syrum
1532 1458 1641 1492 non
1697 1441 1889 1510 legisse
1950 1441 2239 1493 absurdum
2287 1441 2437 1510 illud,

267 1527 410 1595 quod
461 1526 718 1581 exhibent
770 1526 1089 1579 scholiastae
1139 1526 1556 1594 Armeniusque:
1611 1527 1674 1579 τὸ
1731 1530 1823 1591 τῆς
1883 1527 2157 1597 ἑρμηνείας
2213 1529 2439 1592 κεχηνὸς

145 1644 150 1648 -
204 1630 244 1662 15
268 1616 585 1682 δηλοῦςα,
624 1611 716 1664 sed
755 1613 942 1664 testari
981 1611 1126 1681 quod
1162 1611 1297 1663 ratio
1335 1610 1568 1679 flagitat:
1609 1613 1885 1676 πληροῦςα
1923 1609 2067 1681 (vide
2104 1611 2167 1663 Z.
2207 1611 2437 1666 Wieder-

265 1698 578 1765 herstelluwy
613 1716 648 1766 p
677 1698 786 1765 75).
848 1697 982 1750 mihi
1019 1696 1229 1749 videtur
1266 1695 1507 1748 scholion
1533 1695 1714 1764 potius
1755 1699 1968 1747 secutus
2007 1713 2120 1748 esse
2147 1697 2253 1749 tale
2281 1698 2438 1766 quale

266 1782 464 1851 legitur
509 1781 566 1833 in
616 1776 1438 1848 commentario'MelampodeQ
1490 1792 1540 1832 Σ
1575 1779 1726 1850 9545:
1780 1781 1948 1835 εἰπὼν
1997 1783 2444 1837 δὲ,<<ςυνδέουςα-

265 1867 535 1921 διάνοιαν»
575 1867 679 1920 ἕως
705 1872 801 1921 τοῦ
841 1870 1124 1932 «δηλοῦςα»
1153 1866 1375 1920 πάντων
1403 1866 1569 1920 αὐτὸν
1596 1869 1706 1920 τῶν
1734 1865 1917 1919 ἄλλων
1945 1867 2230 1931 διέκρινεν·
2273 1867 2435 1921 οὐδὲν

263 1955 366 2019 γὰρ
415 1952 550 2006 ἄλλο
599 1954 761 2018 μέρος
799 1953 967 2015 λόγου
1007 1954 1278 2017 ςυνδεςμεῖ
1315 1951 1534 2006 ἔννοιαν
1569 1951 1866 2029 εὐτάκτως,
1916 1950 2045 2004 οὐδὲ
2093 1953 2247 2006 τοὺς
2297 1958 2436 2006 δια·

198 2055 240 2086 20
264 2039 676 2105 λελυμένους
713 2037 959 2099 λόγους
997 2038 1085 2091 εἰς
1122 2039 1192 2091 ἓν
1233 2037 1521 2100 ςυνάγει.
1577 2040 1740 2089 τοῦτο
1779 2036 1881 2101 γάρ
1910 2036 2101 2089 ἐςτιτὸ
2142 2038 2434 2105 «κεχηνός»,

260 2124 390 2177 τοὺς
427 2124 583 2189 μήπω
621 2123 727 2175 ὑπὸ
767 2122 930 2186 ζυγόν
968 2140 1087 2177 τινα
1124 2123 1243 2188 ἤτοι
1281 2122 1573 2188 ςύνδεςμον
1611 2122 1695 2175 καὶ
1731 2121 1878 2175 τάξιν
1906 2120 2070 2174 ὄντας
2098 2121 2296 2185 λόγους
2326 2123 2432 2175 ὑπὸ

263 2208 464 2274 ῥυθμὸν
516 2209 770 2262 εὔτακτον
817 2207 1048 2276 ἄγουςα,
1107 2207 1301 2276 quibus
1349 2206 1655 2259 adiciuntur
1702 2206 1759 2257 in
1806 2205 1986 2258 codice
2037 2205 2334 2258 Havniensi
2382 2212 2435 2259 et

262 2292 529 2345 Vaticano
579 2293 740 2345 1766:
791 2279 952 2346 “rosi-ro
1001 2293 1104 2359 γάρ
1152 2293 1258 2345 ἐςτι
1303 2293 1365 2345 τὸ
1415 2294 1717 2357 «δηλοῦςα».
1773 2322 1831 2329 -
1881 2292 2157 2357 ἑρμηνείας
2199 2291 2434 2345 nominis

259 2377 691 2446 interpretationi
733 2377 899 2446 priori
926 2376 1089 2446 Syrus
1116 2377 1339 2430 alteram
1377 2376 1581 2429 addidit
1617 2394 1673 2428 se
1699 2376 1812 2444 ipse
1838 2376 2126 2446 corrigenS‚
2167 2376 2247 2429 cfr
2273 2394 2434 2446 supra

196 2479 238 2510 25
260 2463 327 2515 ad
363 2482 397 2531 p
436 2463 522 2531 63,
549 2463 598 2514 2.

399 2618 466 2670 ad
499 2617 593 2686 87,
624 2617 652 2671 1
672 2617 846 2686 —88,
873 2617 928 2671 2.
993 2615 1059 2672 S:
1096 2624 1205 2674 τῶν
1233 2620 1293 2672 δὲ
1319 2619 1622 2686 ςυνδέςμων
1652 2618 1702 2672 οἱ
1728 2618 1824 2684 μέν
1852 2616 1944 2671 εἰςι
1971 2619 2354 2687 ςυμπλεκτικοί,
2383 2620 2432 2672 οἱ

258 2705 316 2757 δὲ
336 2703 695 2767 αἰτιολογικοί,
723 2703 775 2756 οἱ
794 2706 852 2758 δὲ
880 2703 1275 2767 ςυλλογιςτικοί.
1315 2703 1632 2756 intercidere
1659 2702 1878 2755 nomina
1896 2720 2155 2771 generum
2178 2704 2429 2772 quinque.

399 2858 464 2910 ad
503 2858 598 2926 88,
626 2858 849 2927 3—89,
878 2860 932 2912 2.
1009 2856 1074 2913 S:
1124 2860 1491 2925 ςυμπλεκτικοὶ
1539 2861 1634 2926 μὲν
1675 2858 1788 2930 (om
1828 2857 1952 2929 οὖν)
1993 2859 2141 2922 εἰςιν,
2182 2860 2297 2913 ὅςοι
2337 2862 2431 2914 τὰς

258 2944 532 3010 ἑρμηνείας
568 2942 717 3014 (nam
755 2944 1015 3013 pluralem
1052 2944 1215 2997 habet
1246 2948 1347 3013 ‘pro
1388 2947 1682 2996 ceterorum
1707 2943 1924 2995 testium
1963 2943 2248 3015 singulari)
2286 2947 2431 2999 ultra

191 3045 235 3078 30
257 3030 467 3082 modum
514 3030 778 3099 disperSas
824 3030 1070 3097 eolliy‘zmt
1116 3033 1163 3082 et
1206 3021 1542 3096 coniungam.
1618 3028 1875 3097 exemplis
1914 3026 2079 3096 Syrus
2125 3046 2234 3080 non
2279 3048 2430 3098 prae-

257 3113 426 3165 mittit
472 3118 596 3167 sunt
645 3118 819 3167 autem
866 3114 949 3180 hi,
1003 3115 1095 3168 sed
1144 3116 1295 3169 velut.
1382 3115 1587 3182 septem
1628 3117 1780 3166 sunt:
1830 3130 1959 3166 man
2003 3110 2095 3183 (=
2130 3111 2278 3185 μέν),
2331 3116 2431 3167 den

259 3201 348 3263 (=
369 3200 479 3268 δέ),
518 3198 613 3267 ’dep
630 3204 719 3268 (=
746 3199 877 3271 mi),
909 3195 1013 3254 ἑίἷᾶ
1041 3202 1133 3270 (=
1152 3200 1332 3270 ἀλλά),
1369 3195 1594 3255 eiu-man
1620 3198 1713 3271 (=
1739 3199 1913 3268 ἠμέν),
1949 3196 2149 3254 ctu-den
2176 3197 2267 3270 (=
2294 3199 2429 3268 ἠδέ),
2462 3222 2465 3225 ·

250 3281 516 3342 eiu-endem
552 3284 641 3356 (P).
718 3284 965 3352 quintum
1012 3286 1316 3355 exemplum
1363 3288 1416 3338 et
1463 3288 1672 3351 sextum
1720 3303 1783 3337 ex
1832 3285 1932 3338 hac
1980 3302 2135 3352 voce,
2187 3303 2323 3353 quae
2371 3285 2429 3337 in

259 3371 435 3423 codice
473 3370 695 3439 legitur:
732 3366 1106 3441 eiu-mandem,
1146 3371 1384 3423 restituit
1408 3370 1662 3438 MerinS‚
1705 3371 1854 3422 cuius
1891 3369 2179 3422 editionem
2207 3370 2424 3422 consule

192 3470 234 3501 35
258 3455 322 3507 de
359 3455 549 3508 ultimo
587 3457 846 3526 exemplo·

399 3610 466 3662 ad
503 3611 600 3678 90,
629 3612 851 3680 1—-91,
880 3612 932 3665 1.
1008 3608 1074 3666 S:
1131 3613 1476 3667 διαζευκτικοὶ
1520 3613 1578 3664 δέ
1627 3611 1779 3679 εἰςιν,
1828 3610 1946 3664 ὅςοι
1993 3612 2091 3676 τὴν
2145 3611 2255 3678 (om
2306 3611 2424 3678 μὲν)

257 3697 451 3763 φράςιν
490 3696 887 3752 ἐπιςυνδέουςιν
924 3701 972 3750 et
1007 3698 1116 3750 ἀπὸ
1155 3698 1465 3762 πράγματος
1502 3696 1573 3748 εἰς
1611 3699 1826 3761 πρᾶγμα
1861 3698 2137 3764 διιςτᾶςιν,
2185 3695 2320 3748 velut
2356 3688 2428 3747 eiu

258 3783 347 3848 (=
371 3780 447 3851 ἦ),
486 3772 672 3835 eiu-hai
707 3781 804 3854 (⁶2),
841 3772 1011 3835 clu-kib
1047 3781 1139 3852 (P),
1178 3778 1340 3836 clu-en
1379 3782 1471 3850 (=
1496 3779 1597 3850 ἠέ).
1639 3780 1757 3832 vide
1797 3779 2077 3832 Merxium.

399 3936 465 3989 ad
489 3936 582 3998 91,
611 3937 814 4005 2-92,
846 3936 896 3989 1.
946 3933 1010 3992 S:
1029 3923 1033 3926 Δ
1051 3938 1357 3991 ςυναπτικοὶ
1381 3937 1440 3990 δέ
1467 3936 1607 4004 εἰςιν,
1635 3936 1750 3991 ὅςοι
1784 3937 2194 3990 coniunctionem
2220 3934 2428 4001 quidem

196 4038 238 4069 4ο
262 4022 502 4088 aliquam
538 4023 792 4089 indicant,
831 4023 1135 4088 ςημαίνουςι
1161 4023 1220 4075 δὲ
1253 4022 1595 4076 ἀκολουθίαν.
1659 4022 1821 4074 verba
1847 4038 1982 4088 quae
2010 4019 2175 4072 latine
2200 4018 2428 4071 reddidit

344 4114 522 4156 Dionysii
547 4115 706 4147 Thracis
731 4123 792 4147 ars
817 4115 1072 4155 grammatica
1096 4114 1298 4154 ed.Vhlig.
2056 4119 2088 4160 g
