2808 4394
827 301 833 308 -
922 259 1084 321 ΠΑΡᾸ
1107 301 1156 308 -
1181 254 1757 323 ΠΑΡΑΔιΑΖεΥκτικοί

315 408 381 455 239,
421 409 453 447 1.
493 407 562 455 42,
594 406 619 445 3
655 404 796 457 atque
828 409 867 454 3,
898 410 923 446 5
963 404 1024 456 (ν.
1055 402 1315 446 adnotatio-

315 472 384 516 nis
415 473 596 530 partem
628 472 869 528 alteran1);
903 475 1022 528 παρ’
1050 473 1159 516 ὅςον
1197 477 1257 525 Γ),
1295 477 1310 515 1

259 545 583 603 παραβολῆς
614 544 907 599 ἐπιρρήματα
935 542 1157 588 adverbia
1188 542 1313 586 simi·

312 612 532 658 litudinis
562 617 630 667 79,
661 619 686 657 2

259 685 625 738 παραγγέλματα
663 685 871 728 nominat
908 682 1106 728 technen
1147 682 1313 727 Sextus

314 754 471 810 Emp.:
504 753 563 797 ad
594 754 944 810 inscriptionem
975 754 1089 798 artis
1119 752 1166 796 in
1198 767 1228 809 p
1260 758 1286 797 3

255 820 579 884 παράγομαι
603 824 661 868 de
694 838 857 869 vocum
888 823 1196 870 derivatione.
1231 837 1316 867 πα-

311 896 534 951 ράγονται
566 898 635 949 68,
666 900 707 939 4.
756 895 1046 951 (παράγεται
1077 899 1144 947 59,
1174 899 1201 938 4
1231 906 1315 950 pro

311 965 484 1010 tradito
531 966 781 1020 ἐκφέρεται
820 964 1164 1019 scribendum.)
1230 978 1314 1009 πα-

310 1037 547 1092 ρηγμένον
577 1040 649 1090 29,
679 1041 704 1080 3

256 1108 575 1162 παραγραφὴν
597 1107 706 1162 (non
723 1107 1038 1162 περιγραφὴν)
1061 1106 1206 1159 λόγου
1222 1118 1313 1148 non

312 1189 542 1231 nusquam
587 1177 643 1231 δὴ
691 1174 1016 1220 coniunctione
1062 1175 1312 1232 significari

312 1247 472 1292 docuit
501 1245 776 1303 Apollonius
808 1245 1057 1303 Dyscolus,
1097 1246 1133 1290 si
1173 1246 1310 1290 fidem

311 1318 536 1362 habemus
557 1316 734 1373 optimo
751 1315 875 1359 illius
895 1316 1117 1361 librorum
1138 1317 1308 1361 codici:

310 1388 369 1431 ad
391 1392 461 1440 97,
483 1393 501 1430 1
527 1387 575 1430 in
597 1387 704 1431 med
743 1402 772 1444 p
794 1392 862 1431 98.
894 1387 960 1432 De
983 1387 1099 1435 coni.
1122 1392 1237 1442 521.ss
1256 1387 1304 1432 B.

310 1479 363 1495 =
404 1457 701 1514 25314Sehn.:
741 1459 784 1504 οἱ
825 1452 1309 1513 παραπληρωματικοὶ

310 1530 397 1584 οὐχ
434 1529 486 1572 ἓν
524 1529 878 1584 ἐπηγγέλλοντο
910 1530 1027 1573 κατὰ
1058 1530 1114 1572 τὸ
1145 1530 1309 1583 δηλού-

308 1613 474 1654 μενον,
526 1599 621 1652 εἴγε
667 1601 694 1643 ὁ
741 1600 825 1653 μὲν
875 1600 939 1654 δή
988 1600 1309 1655 παραγραφὴν

309 1669 511 1725 (Bekker
532 1671 581 1713 et
597 1668 849 1713 Schneider
871 1670 1185 1725 περιγραφήν)
1203 1684 1308 1713 τινα

307 1741 500 1794 ἐδήλου,
548 1741 574 1783 ό
619 1741 670 1784 δὲ
710 1740 812 1795 πέρ
857 1740 1164 1795 ἑναντιότητά
1204 1753 1307 1783 τινα

308 1813 415 1866 μετ’
454 1812 694 1865 αὐξήςεως
727 1813 800 1854 καὶ
832 1812 899 1855 ἔτι
931 1812 958 1855 ό
988 1811 1049 1864 γέ
1082 1811 1306 1866 μειότητα

308 1885 335 1937 ἢ
359 1882 570 1926 ἐπίταςιν
601 1884 883 1936 θαυμαςμοῡ.
931 1883 1006 1925 καὶ
1028 1881 1070 1925 εἰ
1090 1881 1306 1936 διάφοροι

307 1953 426 1996 κατὰ
455 1953 512 1995 τὸ
545 1952 851 2006 δηλούμενον,
885 1957 988 1997 πῶς
1018 1952 1078 2006 ἦν
1100 1953 1305 1996 δυνατὸν

307 2023 414 2076 μίαν
453 2021 706 2075 ὀνομαςίαν
744 2023 840 2066 ἀπὸ
878 2027 963 2067 τοῦ
1010 2023 1304 2077 δηλουμένου

307 2093 512 2149 χωρίςαι,
544 2093 656 2136 οὔτε
687 2094 776 2148 γὰρ
797 2092 1145 2153 παραγραφικοί
1166 2091 1236 2146 (Β.
1258 2093 1306 2136 et

307 2164 440 2207 Schn.
474 2163 848 2218 περιγραφικοί),
891 2165 992 2209 ἐπεὶ
1024 2165 1080 2208 οὐ
1113 2163 1304 2218 πάντες,

306 2235 418 2279 οὔτε
447 2235 849 2288 ἐναντιωματικοί.
896 2234 954 2278 de
975 2234 1091 2278 coni.
1115 2238 1230 2289 519„
1251 2253 1307 2269 =

307 2311 447 2361 25119:
479 2305 547 2348 ἔτι
569 2306 595 2348 ὁ
617 2306 680 2358 δή
705 2308 769 2349 ὡς
793 2306 878 2359 μὲν
899 2305 1134 2359 παρέλκει,
1163 2306 1305 2348 παντὶ

308 2379 578 2430 προῦπτον·
619 2378 685 2420 ὡς
723 2378 774 2420 δέ
804 2378 881 2420 καὶ
914 2376 1137 2420 πολλάκις
1168 2375 1304 2429 μετά-

307 2450 435 2501 βαςιν
475 2447 619 2500 λόγου
659 2451 880 2500 ποιεῖται,
927 2447 1071 2501 ςαφὲς
1116 2447 1169 2490 ἐκ
1206 2449 1307 2489 τῶν

233 2528 238 2529 ’
305 2518 540 2561 τοιούτων
561 2517 633 2561 «οἱ
655 2517 738 2571 μὲν
758 2518 816 2572 δή
839 2519 956 2572 παρ’
987 2518 1180 2571 ὄχεςφιν
1202 2517 1306 2571 ἐρη-

305 2588 479 2631 τύοντο
511 2589 763 2641 μένοντες»
792 2588 864 2643 <Ο
896 2588 955 2644 3>
986 2589 1061 2631 καὶ
1091 2592 1192 2630 τῶν
1223 2600 1308 2630 πα-

306 2657 589 2713 ραπληςίων.
649 2662 852 2712 νοοῦμεν
883 2660 972 2713 γὰρ
1002 2658 1146 2711 λόγου
1167 2658 1308 2702 ἔκλει-

305 2743 386 2783 ψιν
424 2731 499 2772 καὶ
537 2730 685 2784 ἀρχὴν
724 2729 908 2785 ἑτέρου,
958 2729 1023 2773 ὡς
1062 2728 1103 2772 εἰ
1142 2730 1216 2772 καὶ
1256 2730 1307 2772 ἐν

307 2805 593 2856 παραγραφῇ
634 2799 709 2853 (Β.
749 2801 798 2843 et
835 2798 970 2843 Schn.
1019 2800 1304 2854 περιγραφῇ)

306 2870 680 2924 κατελιμπάνετο
712 2869 927 2927 (subaudi
949 2871 1108 2923 λόγος)
1132 2869 1306 2924 ὁμοίως

305 2945 376 2995 τῷ
442 2951 467 2983 «
481 2940 548 2984 ὣς
615 2941 658 2985 οἱ
717 2941 801 2994 μὲν
866 2940 1028 2995 Τρῶες
1092 2941 1306 2994 φυλακὰς

305 3012 442 3064 εἶχον»
471 3011 515 3067 <l
552 3011 618 3067 l).
665 3009 858 3067 Syntax.
906 3015 1026 3065 2672:
1059 3011 1169 3054 οὐδὲ
1200 3011 1307 3053 ταύ-

307 3082 396 3125 τὸν
427 3081 643 3136 ἐμφαίνει
673 3083 730 3126 τὸ
762 3082 836 3125 «oi
868 3083 952 3136 μὲν
973 3082 1091 3136 παρ’
1114 3082 1306 3135 ὅχεςφι>>

307 3158 377 3207 τῷ
417 3153 488 3196 «oi
527 3153 610 3206 μὲν
649 3154 704 3207 δὴ
744 3154 863 3207 παρ’
901 3153 1105 3206 ὅχεςφι>>.
1159 3165 1304 3205 παρα-

2313 281 2411 332 165

1419 404 1503 454 μὲν
1534 404 1620 457 γὰρ
1652 405 1715 458 δή
1742 407 1814 448 καί
1837 405 1881 448 οἳ
1903 405 2251 458 ἰςοδυναμοῡςιν
2270 407 2417 462 αὐτῷ,

1417 473 1470 516 ἐν
1501 475 1900 525 ςυγκεφαλαιώςει
1935 477 2008 518 καὶ
2042 482 2308 532 περιγραφῇ
2341 478 2415 521 λό-

1417 556 1502 595 γου
1555 545 1995 598 παραλαμβάνεται,
2058 545 2308 602 Hilgardus
2359 561 2415 591 ex

1417 611 1700 657 Barocciano
1744 618 1822 657 116
1862 614 1979 658 nihil
2009 614 2250 671 exscripsit
2281 630 2414 672 prae·

1416 683 1487 726 ter
1519 682 1906 736 ἰςοδυναμοῡντες
1946 685 1994 728 et
2032 687 2415 740 παραλαμβάνον·

1418 767 1505 808 ται,
1538 753 1619 797 sed
1650 754 1894 810 profitetur
1916 754 2052 799 facile
2074 769 2121 799 sc
2144 756 2305 812 fugero
2327 770 2406 813 po·

1417 821 1559 866 tuisse
1609 824 1889 879 scripturam
1940 831 2224 882 παραγραφῇ
2244 860 2254 880 ,
2312 841 2415 871 cum

1418 907 1543 948 παρα
1574 894 1624 937 et
1655 908 1761 949 περι
1791 895 2159 950 praepositiones
2197 909 2414 953 compen·

1417 961 1505 1007 diis
1536 962 1782 1007 simillimis
1814 963 1861 1007 in
1891 964 1973 1008 illo
2005 965 2162 1010 codice
2194 969 2414 1011 exaratae

1415 1034 1582 1078 essent.
1615 1034 1806 1078 Homeri
1837 1034 2026 1090 epimer.
2060 1035 2140 1080 Ao
2175 1037 2353 1092 133¹22²
2388 1040 2414 1081 ὁ

1416 1104 1520 1158 πέρ
1552 1105 1828 1150 ἐναντίωςιν
1858 1106 2085 1161 ςημαίνει,
2117 1108 2142 1150 ὁ
2174 1108 2238 1162 δή
2271 1122 2414 1162 παρα-

1413 1176 1623 1230 γραφήν·
1677 1179 1963 1231 παραγραφὴ
2016 1177 2068 1220 δέ
2120 1177 2213 1221 ἐςτι
2264 1179 2413 1232 μακρὰ

1414 1247 1629 1300 παρολκὴ
1663 1247 1780 1301 πρὸς
1811 1249 2044 1301 διακοπὴν
2074 1248 2312 1302 νοήματος
2338 1251 2413 1291 καὶ

1412 1315 1561 1370 ἀρχὴν
1606 1317 1769 1372 ἑτέρου
1817 1318 1984 1371 λόγου,
2033 1318 2096 1361 ὡς
2144 1318 2195 1361 ἐν
2233 1323 2301 1374 τῷ
2342 1321 2413 1362 «οἱ

1412 1387 1498 1438 μὲν
1536 1388 1591 1441 δὴ
1634 1391 1754 1442 παρ’
1801 1389 1994 1442 ὄχεςφιν
2038 1388 2296 1443 ἐρητύοντο
2338 1390 2410 1442 μέ-

1411 1470 1617 1502 νοντεςκ).
1680 1458 1824 1512 atque
1856 1459 1923 1502 cfr
1953 1457 2166 1502 Eustath.
2198 1459 2259 1502 ad
2293 1458 2342 1503 11.
2374 1461 2410 1503 Α

1411 1531 1492 1570 304
1523 1540 1553 1581 p
1590 1532 1725 1584 10732:
1771 1528 1843 1572 ὅτι
1881 1530 1938 1572 τὸ
1969 1529 2064 1573 «ὣς
2094 1530 2165 1573 τώ
2197 1531 2250 1583 γ’
2288 1530 2411 1573 ἀντι·

1411 1597 1541 1651 βίοιςι
1559 1599 1884 1653 μαχεςςαμένω
1904 1599 2110 1644 ἐπέεςςιν
2131 1601 2413 1656 ἀνςτήτην»,

1410 1671 1559 1723 ςχῆμα
1608 1670 1664 1711 ὂν
1715 1670 2057 1713 καταςτατικὸν
2108 1670 2318 1725 ἐννοίας,
2369 1672 2412 1715 oi

1409 1741 1719 1792 γραμματικοὶ
1741 1742 2062 1795 παραγραφὴν
2086 1742 2287 1794 καλοῡςι,
2312 1755 2413 1793 ςυγ-

1409 1810 1806 1864 καταριθμοῦντες
1850 1811 1970 1854 αὐτὸ
2014 1814 2114 1855 τοῖς
2154 1817 2412 1866 ποιητικοῖς
2445 1808 2447 1810 ’

1407 1880 1616 1933 τρόποις.
1664 1881 1884 1936 χρώμεθα
1922 1884 1973 1926 δὲ
2010 1882 2170 1936 τούτῳ
2201 1885 2272 1936 τῷ
2305 1884 2410 1937 ςχή·

1407 1963 1536 2005 ματι,
1583 1951 1664 1995 ὅτε
1704 1953 2130 2008 ςυμπληρώςαντες
2184 1953 2244 1996 τὰ
2293 1954 2410 2007 φθά-

1406 2033 1550 2064 ςαντα
1588 2022 1664 2066 ἐπὶ
1696 2023 1862 2077 ἑτέραν
1892 2023 2100 2079 διήγηςιν
2131 2024 2402 2078 μεταβαίνο-

1409 2105 1507 2145 μεν.
1562 2091 1714 2136 Schol.
1746 2091 1831 2136 BL
1860 2093 1920 2137 ad
1951 2093 2150 2138 eundem
2180 2093 2352 2138 locum:
2385 2097 2410 2138 ὁ

1407 2162 1587 2216 τρόπος
1633 2164 1941 2219 παραγραφή·
1990 2165 2165 2218 μετιὼν
2208 2165 2295 2220 γὰρ
2334 2166 2411 2209 ἐπὶ

1407 2232 1572 2287 ἑτέραν
1601 2234 1811 2290 διήγηςιν
1841 2235 2001 2289 τούτῳ
2025 2238 2204 2289 χρῆται.
2253 2234 2406 2279 Schol.

1406 2301 1489 2345 BL
1516 2303 1579 2346 ad
1601 2303 1730 2348 Iliad.
1752 2305 1799 2349 Π
1823 2309 1844 2347 1
1880 2305 1945 2350 ὣς
1975 2305 2019 2349 οἱ
2051 2306 2135 2359 μὲν
2167 2307 2272 2359 περὶ
2297 2307 2409 2361 νηὸς

1405 2374 1665 2427 ἐυςςέλμοιο
1705 2375 1932 2431 μάχοντο]
1981 2376 2046 2419 ὡς
2085 2375 2276 2430 μέλλων,
2317 2377 2411 2420 ἑτέ-

1407 2458 1508 2498 ρων
1548 2445 1767 2498 μεγάλων
1797 2447 2067 2502 ἐνάρχεςθαι
2106 2446 2411 2500 πραγμάτων,

1410 2517 1728 2571 παραγραφὴν
1759 2517 1949 2570 ἐνέβαλε
1981 2518 2068 2560 τὸν
2100 2516 2272 2570 ςτίχον.
2318 2518 2411 2561 ἕςτι

1408 2586 1459 2628 δὲ
1489 2589 1685 2630 τοιαῦτα
1715 2588 1869 2631 πολλὰ
1899 2589 2018 2642 παρ’
2056 2587 2270 2643 Ὁμήρῳ’
2316 2589 2411 2632 «ὣς

1409 2656 1453 2699 οἱ
1475 2657 1561 2710 μὲν
1581 2658 1745 2711 Τρῶες
1767 2659 1980 2710 φυλακὰς
1999 2660 2137 2713 ἔχον»
2160 2658 2206 2714 <Ι
2235 2658 2288 2713 1>
2311 2662 2408 2702 κτλ.
2472 2695 2489 2708 .

1409 2726 1592 2770 videtur
1611 2728 1848 2782 profectus
1879 2742 1976 2773 esse
2000 2728 2074 2773 hic
2096 2733 2411 2785 παραγραφῆς

1407 2796 1606 2840 nominis
1637 2812 1746 2841 usus
1776 2799 1836 2842 ab
1869 2812 1925 2842 ea
1955 2799 2000 2843 vi
2022 2813 2115 2855 qua
2134 2799 2412 2856 significavit

1407 2866 1577 2911 lineam
1633 2868 1783 2912 exitus
1826 2869 2023 2913 notandi
2066 2884 2207 2914 causa
2251 2872 2410 2927 appic-

1407 2938 1524 2981 tam:
1587 2937 1690 2982 vide
1750 2938 1984 2987 Aristotel.
2038 2940 2207 2986 rhetor.
2267 2941 2334 2983 Ill
2384 2946 2410 2984 8

1409 3022 1439 3064 p
1475 3013 1679 3064 1409a-20:
1711 3011 1780 3054 δεῖ
1810 3011 1960 3065 δήλην
1991 3012 2111 3055 εἶναι
2141 3014 2231 3064 τὴν
2252 3014 2410 3056 τελευ·

1405 3081 1494 3133 τὴν
1535 3081 1596 3134 μὴ
1635 3081 1707 3124 διὰ
1737 3082 1822 3124 τὸν
1853 3083 2038 3136 γραφέα
2073 3083 2187 3138 μηδὲ
2218 3083 2291 3126 διὰ
2321 3084 2410 3136 τήν

1406 3151 1739 3206 παραγραφὴν,
1771 3152 1890 3195 ἀλλὰ
1920 3153 1992 3196 διὰ
2022 3154 2112 3196 τὸν
2142 3153 2324 3207 ῥυθμόν

307 3227 494 3279 γραφῆς
539 3221 620 3279 (sic
658 3222 906 3278 scripserat
944 3223 1063 3267 teste
1110 3221 1303 3266 Gutten-
1348 3219 1679 3279 παράγωγος
1709 3221 1767 3264 de
1789 3221 2068 3277 nominibus,
2104 3222 2272 3277 verbis,
2304 3236 2409 3279 pro·

304 3294 433 3351 tagio
464 3307 534 3349 pr,
557 3294 597 3336 A
618 3293 790 3338 codicis
810 3307 990 3348 manus,
1023 3292 1175 3337 altera.
1194 3292 1306 3336 fecit

305 3379 485 3419 περιγρ.
533 3366 657 3420 quod
696 3364 875 3420 recepit
910 3363 1174 3419 Bekkerus)
1214 3365 1303 3418 γὰρ

306 3437 449 3489 λόγου
481 3436 670 3491 ςημεῑόν
692 3435 814 3479 ἐςτιν
846 3436 871 3478 ὁ
893 3435 973 3489 δή.
1020 3435 1140 3490 synt.
1161 3438 1302 3490 26722:

306 3507 470 3560 ςχεδὸν
501 3507 692 3550 ἕκαςτος
722 3506 884 3549 αὐτῶν
915 3504 1014 3561 (scil
1037 3510 1137 3549 τῶν
1160 3519 1304 3560 παρα-

310 3577 711 3631 πληρωματικῶν)
743 3577 863 3620 ἴδιόν
894 3590 938 3619 τι
969 3576 1303 3631 ἐπηγγέλλετο,

308 3646 496 3700 μείωςιν
527 3647 611 3701 μὲν
642 3648 668 3690 ὁ
699 3646 759 3699 γέ
790 3646 841 3690 ἐν
861 3650 932 3702 τῷ
954 3647 1128 3690 «τοῦτό
1151 3649 1204 3700 γέ
1228 3661 1304 3701 μοι

1405 3291 1669 3334 nominibus
1709 3291 1950 3335 derivatis.
1996 3294 2409 3350 (proparoxytone·

1405 3361 1475 3404 sin
1512 3375 1782 3418 perversam
1821 3361 1993 3417 ubique
2039 3362 2181 3407 etiam
2227 3364 2411 3408 vetusta

1407 3431 1520 3475 artis
1560 3432 1853 3488 exemplaria
1877 3433 2139 3489 praebent.)
2186 3435 2408 3489 παράγω·

1407 3517 1493 3555 γον
1523 3507 1591 3556 25,
1624 3509 1649 3547 3
1681 3505 1728 3546 et
1757 3509 1796 3546 4.
1828 3509 1896 3557 50,
1932 3508 1951 3547 1
1984 3504 2032 3547 et
2061 3510 2100 3548 2.
2132 3505 2409 3559 παράγωγοι

1405 3577 1472 3627 68,
1505 3578 1543 3621 3.
1605 3573 1909 3629 παραγώγων
1939 3578 2008 3628 25,
2040 3579 2078 3618 6.
2113 3579 2180 3630 65,
2207 3581 2242 3620 1.
2276 3579 2344 3629 66,
2371 3579 2407 3621 1.

1404 3649 1472 3699 67,
1511 3649 1529 3687 1
1563 3644 1611 3689 et
1639 3649 1667 3688 4

307 3718 525 3773 χάριςαι»,
557 3719 874 3772 παραγραφὴν
904 3719 1048 3771 λόγου
1079 3718 1104 3760 ὁ
1128 3719 1193 3772 δή
1221 3718 1304 3772 (sic
1349 3715 2410 3772 παραδιαζευκτικοὶςύνδεςμοιῑιρροΠαυαηίῡυι·

309 3802 464 3831 rursus
485 3787 560 3842 A¹‚
587 3788 646 3830 Α2
668 3790 999 3843 περιγραφὴν).
1036 3788 1105 3831 cfr
1126 3792 1173 3831 Σ
1193 3793 1311 3843 9721„

311 3859 566 3915 (Georgii):
606 3859 759 3902 πολλὰ
798 3858 1047 3913 ἐςήμαινον
1085 3860 1128 3903 οἱ
1167 3874 1311 3914 παρα-

312 3929 691 3986 πληρωματικοί,
739 3930 814 3973 καὶ
858 3929 1132 3975 ἐναντίωςιν
1179 3931 1244 3973 ὡς
1284 3932 1310 3974 ό

311 4016 345 4045 π
360 4002 442 4056 έρ,
465 4001 540 4044 καὶ
562 4001 880 4056 παραγραφὴν
902 3999 986 4054 (sic
1008 3999 1105 4055 UH,
1130 4000 1312 4044 Bekker

312 4071 510 4127 περιγρ.)
550 4071 616 4116 ὡς
646 4072 671 4114 ὁ
703 4071 782 4126 δή.
814 4070 873 4114 ad
906 4073 954 4114 Σ
980 4075 1083 4126 9714
1105 4070 1251 4126 (Hel):
1285 4071 1311 4115 ὁ

1412 3789 1518 3840 ἤτοι
1555 3789 1584 3841 ἦ
1626 3786 1704 3830 ubi
1734 3787 1803 3830 ita
1833 3787 2139 3842 usurpantur,
2180 3786 2231 3829 ut
2261 3785 2410 3830 altera

1413 3871 1485 3900 rcs
1516 3870 1608 3901 non
1639 3857 1927 3911 excludatur,
1959 3857 1996 3900 si
2019 3857 2218 3913 ponatur
2238 3856 2407 3900 altera:

1413 3927 1516 3972 vide
1547 3927 1845 3984 Apollonium
1876 3927 2011 3983 Dysc.
2050 3927 2108 3970 de
2141 3927 2255 3971 coni.
2290 3930 2411 3981 485..)

1413 4024 1465 4030 —
1487 4002 1610 4055 4872,Β
1626 3998 1661 4041 Β
1682 4019 1737 4035 =
1759 4003 1876 4053 21912
1900 4023 1950 4028 -
1975 3996 2248 4053 22115,Schn.
2308 3997 2409 4041 sub-

1414 4069 1719 4115 clisiunctivas
1764 4069 2002 4125 nuncupat
2045 4067 2306 4112 Priscianus
2344 4067 2408 4110 ΙΙΙ
