2814 4400
724 275 790 320 IN
820 273 1040 328 QVIBVS
1071 273 1209 318 SYRI
1239 274 1308 331 (S)
1340 273 1672 318 LECTIONES
1704 274 1934 319 INSVNT
2292 273 2412 318 XCV

257 406 316 458 δὲ
351 405 542 457 τοπικὰ
578 407 701 455 sant
738 402 857 456 οἷον
897 403 956 456 ἐν
993 402 1164 470 τόπῳ,
1205 402 1278 455 εἰς
1314 402 1504 455 τόπον.
1569 403 1635 455 τὰ
1662 404 1719 454 δὲ
1756 405 1950 457 τοπικὰ
1987 406 2112 456 sant
2148 402 2267 456 οἷον
2294 401 2410 456 ἄνω

255 489 424 557 κάτω,
463 488 539 542 ὧν
579 489 774 552 ςχέςεις
812 488 908 541 εἰςὶ
943 489 1084 551 τρεῖς
1120 486 1258 539 velat
1294 484 1404 556 (om
1443 486 1496 551 ἡ)
1536 486 1608 539 εἰς
1646 488 1842 552 τόπον,
1890 488 1921 552 ἡ
1961 488 2019 542 ἑν
2058 489 2237 555 τόπῳ,
2285 489 2316 552 ἡ
2356 489 2412 541 ἐκ

254 572 458 640 τόπου,
513 571 632 625 οἷον
690 571 870 625 οἴκαδε
930 570 1067 624 οἴκοι
1116 569 1344 625 οἴκοθεν.
1414 587 1548 638 quae
1595 571 1768 638 primo
1819 572 2102 639 scripserat
2148 572 2412 640 interpres

253 657 458 724 reiecit,
507 659 792 725 antequam
842 655 1178 708 enuntiatum
1216 655 1544 707 absolvisset.
1621 655 1789 707 altera
1827 659 2002 707 autem
2041 657 2411 726 interpretatio

211 751 230 781 ⁵
254 759 285 793 a
321 741 496 810 priore
542 759 652 793 non
700 741 870 793 solum
913 757 974 793 eo
1019 739 1218 805 differt,
1266 739 1405 808 quod
1454 739 1573 793 οἷον
1622 739 1736 794 ἄνω
1787 740 1929 793 κάτω
1968 741 2045 794 ὧν
2085 732 2281 807 ςχέςεις
2319 742 2413 796 εἰςὶ

252 830 393 892 τρεῖς
427 826 800 894 praetermissa
833 842 943 877 non
970 824 1075 877 iam
1101 829 1244 892 sunt,
1285 826 1374 877 sed
1402 824 1561 875 etiam
1588 823 1691 875 alio
1719 826 1946 890 ςχέςεων
1975 828 2028 877 et
2053 826 2412 895 exemplorum

253 910 453 963 ordine.
531 929 688 980 quem
736 910 977 962 ordinem
1015 908 1176 978 Syrus
1225 909 1291 961 ab
1330 909 1674 977 explanatore
1722 926 1913 980 graeco
1962 910 2092 978 quin
2132 911 2411 981 acceperit,

254 1014 364 1048 non
412 996 678 1048 dubitabis
716 995 848 1049 hoce
887 995 1168 1048 Heliodori
1207 994 1287 1046 vel
1325 993 1503 1062 potius
1542 992 1901 1046 Ohoerobosci
1941 993 2143 1046 scholio
2183 997 2411 1064 conlatO,

253 1092 302 1132 Σ
336 1081 508 1150 94330:
557 1081 752 1146 ἤθελόν
790 1098 929 1135 τινες
968 1083 1188 1146 πρῶτον
1226 1080 1433 1132 τάττειν
1471 1080 1579 1143 τὴν·
1607 1079 1679 1132 εἰς
1718 1079 1890 1133 τόπον
1931 1081 2121 1145 ςχὲςιν,
2162 1082 2412 1144 λέγοντες

189 1174 231 1206 10
254 1167 329 1220 ὡς
355 1167 453 1220 οὐκ
487 1166 553 1219 ἄν
581 1183 657 1218 τις
692 1165 772 1231 εἴη
807 1166 864 1219 ἐν
890 1166 1041 1234 τόπῳ
1067 1167 1133 1230 μὴ
1171 1169 1389 1238 πρῶτον
1417 1163 1487 1217 εἰς
1515 1163 1681 1217 αὐτὸν
1707 1164 1897 1218 ἐλθών.
1954 1165 2071 1215 vide
2096 1165 2158 1216 Z.
2186 1164 2413 1219 Wieder-

251 1251 561 1318 herstellan9
597 1268 632 1318 p
672 1250 898 1302 71—72.
1065 1256 1068 1263 ‘

392 1420 459 1471 ad
500 1418 592 1486 76,
618 1419 674 1472 4.
748 1419 888 1489 apud
928 1416 966 1474 S
1007 1421 1167 1485 εὐχῆς
1213 1419 1396 1471 classis
1442 1419 1546 1471 tria
1596 1419 1837 1487 exempla
1886 1418 2070 1486 habet,
2121 1420 2184 1472 de
2222 1421 2414 1489 quibus

255 1522 297 1559 v.
325 1503 603 1557 Merxium.

393 1674 458 1725 ad
499 1673 567 1727 77
614 1673 831 1743 [LEOT.
862 1673 1196 1742 ARMENII]
1239 1673 1317 1726 De
1356 1674 1431 1726 eis
1459 1674 1718 1725 versionis
1753 1675 2083 1726 armeniacae
2119 1676 2412 1745 speciebUS,

189 1769 230 1801 15
254 1759 443 1828 quibus
500 1759 679 1811 nullae
735 1762 860 1811 sunt
911 1777 1046 1828 quae
1100 1758 1460 1827 respondeant
1515 1758 1571 1810 in
1635 1759 1905 1811 codicibus
1967 1759 2234 1828 Dionysii,
2294 1762 2412 1813 vide

249 1844 316 1897 Ζ.
346 1843 866 1912 Wiederherstelluny
902 1863 938 1913 p
978 1844 1060 1896 70.

391 2015 456 2066 ad
497 2013 590 2082 77,
619 2013 671 2066 1.
743 2017 867 2083 post
905 2014 1147 2083 optativa
1185 2014 1434 2067 adverbia
1471 2015 1608 2083 apud
1651 2011 1689 2068 S
1729 2018 2045 2084 sequuntur:
2094 2034 2155 2069 ex
2191 2018 2260 2070 iis
2295 2036 2413 2071 vero

251 2099 402 2166 (haec
438 2117 638 2166 ponere
664 2099 802 2152 solet
834 2118 932 2171 pro
967 2102 1032 2154 τὰ
1069 2100 1150 2170 δὲ)
1192 2100 1521 2153 declarantia
1555 2104 1679 2152 sant
1713 2102 1956 2168 staporis,
1994 2101 2130 2154 velut
2151 2099 2228 2161 2272
2264 2103 2410 2172 way.

248 2185 439 2254 quibus
475 2184 624 2236 reddi
664 2185 896 2237 Merxius
935 2189 1141 2239 censet:
1179 2187 1245 2238 τὰ
1283 2187 1342 2238 δὲ
1380 2186 1759 2251 ςχετλιαςτικά,
1801 2185 1919 2240 οἷον
1959 2186 2043 2239 ἰού
2083 2191 2205 2253 φεῦ.

181 2377 224 2409 20
391 2357 454 2409 ad
496 2356 590 2424 78,
620 2356 673 2409 l.
736 2355 998 2409 adverbiis
1036 2355 1300 2425 negativis
1339 2355 1477 2424 apud
1518 2352 1556 2409 S
1597 2374 1803 2424 quoque
1844 2356 2009 2425 (sicut
2047 2357 2187 2425 apud
2226 2359 2410 2410 Arme-

247 2443 396 2495 nium
444 2441 883 2510 scholiastasque)
923 2440 1193 2492 antecedit
1239 2440 1422 2493 classis
1459 2444 1849 2507 Θαυμαςτικῶν,
1899 2459 2034 2510 quae
2073 2442 2412 2510 appellantur

247 2530 320 2582 ad
355 2527 759 2581 admirationem
795 2527 1094 2580 incitantia.
1158 2525 1457 2594 exemplum
1496 2530 1577 2577 est
1615 2526 1791 2580 babai.
1833 2557 1893 2563 -
1939 2530 2005 2581 τὰ
2043 2528 2101 2580 δὲ
2140 2527 2412 2592 ἀρνήςεως

246 2615 278 2679 ἢ
306 2612 658 2681 ἀποφάςεως]
700 2612 924 2664 alterum
964 2629 1164 2664 nomen
1200 2608 1238 2665 S
1274 2613 1658 2680 interpretatur
1684 2630 1812 2664 voce
1840 2629 1974 2680 quae
2004 2612 2412 2680 prohibitionem

247 2698 531 2768 significat.
605 2697 915 2749 nominibus
962 2697 1158 2748 subicit
1204 2697 1423 2749 verbum
1473 2714 1578 2765 quo
1625 2715 1786 2765 supra
1823 2699 1882 2765 (p
1922 2697 2017 2764 76,
2057 2696 2110 2770 1)
2149 2700 2414 2763 δηλωτικὰ

180 2801 223 2834 25
245 2783 493 2836 reddidit.
532 2785 648 2834 tum
668 2783 926 2851 sequitur:
955 2781 1074 2835 οἷον
1096 2775 1146 2835 la
1162 2780 1253 2852 (ετ.
1274 2781 1385 2850 οὔ),
1415 2782 1506 2835 lan
1521 2783 1613 2849 (=
1635 2781 1796 2854 οὐχί),
1824 2779 1874 2836 Za
1893 2779 2035 2837 hawe
2054 2782 2149 2852 (τε
2170 2784 2414 2856 οὐδῆτα),

246 2867 298 2921 la
324 2869 424 2921 den
450 2869 541 2935 (=
569 2867 738 2937 οὐδέ),
765 2867 855 2920 kal
878 2867 1030 2920 kuleh
1057 2869 1204 2935 (ante
1229 2866 1320 2919 kal
1346 2867 1617 2919 intercidit
1643 2868 1691 2920 Ζᾶ
1706 2909 1719 2935 ,
1750 2894 1818 2910 =
1846 2868 2136 2937 οὐδαμῶς).
2203 2869 2414 2922 videtur

245 2953 412 3022 igitur
449 2952 616 3005 etiam
648 2954 777 3006 οὐδέ
821 2952 880 3004 in
917 2969 1014 3004 suo
1053 2952 1182 3004 artis
1221 2951 1509 3020 exemplari
1548 2951 1756 3022 legisse.
1833 2953 2120 3006 Armenius
2159 2957 2413 3022 quattuor

244 3041 456 3091 tantum
494 3037 738 3106 exempla
774 3037 951 3089 habet.

386 3207 451 3260 ad
493 3207 587 3275 78,
615 3206 669 3260 3.
745 3209 1168 3271 ςυγκαταθέςεως
1207 3207 1586 3260 adverbiorum
1621 3208 1863 3276 exempla
1899 3209 2039 3276 apud
2081 3206 2118 3262 S
2159 3214 2412 3278 quattuor

182 3312 224 3344 30
246 3296 395 3361 sunt,
436 3292 499 3344 de
538 3292 729 3361 quibus
766 3292 888 3345 vide
925 3284 1205 3345 Merxium.

388 3462 451 3514 ad
481 3461 573 3529 79,
603 3462 654 3515 1.
711 3464 789 3516 Τὰ
816 3465 875 3516 δὲ
910 3463 1342 3531 ἀπαγορεύςεως]
1382 3459 1448 3516 S:
1474 3463 1834 3531 siqnifieantia
1863 3468 2406 3532 non-persuasionem.

248 3547 435 3599 deinde
455 3550 775 3615 sequuntur:
804 3543 1037 3622 layemi'ir
1063 3549 1155 3616 (=
1176 3547 1428 3617 omnino),
1456 3543 1549 3613 εᾶχ
1577 3547 1667 3616 (=
1686 3550 1854 3617 finis).
1903 3552 2066 3617 patet,
2094 3553 2154 3601 ut
2172 3549 2407 3603 Merxius

247 3631 340 3697 ait,
378 3634 459 3683 ter
495 3631 824 3684 intercidisse
861 3633 1037 3701 ipsum
1073 3632 1307 3702 negandi
1346 3632 1678 3684 adverbium:
1718 3627 1800 3698 ld,
1841 3632 1895 3687 Ζᾶ
1933 3632 2182 3705 laygmar,
2224 3633 2277 3688 l&
2311 3634 2407 3702 εᾶχ

248 3743 315 3760 --
340 3719 407 3782 μή
447 3720 650 3782 μηδῆτα
686 3722 949 3784 μηδαμῶς·

182 3904 223 3935 35
386 3886 451 3938 ad
501 3885 593 3952 79,
621 3885 785 3938 2-3,
862 3883 900 3940 S
939 3889 993 3938 et
1018 3890 1328 3954 παραβολῆς
1355 3890 1406 3938 et
1432 3859 1736 3951 ouotdicemc
1762 3889 2045 3940 convertit.
2107 3893 2405 3957 sequuntur

247 3970 351 4021 tria
387 3971 650 4038 exempla,
690 3988 913 4038 quorum
950 3972 1181 4039 primum
1220 3971 1505 4039 respondet
1543 3974 1616 4026 ὡς
1655 3973 1923 4038 adverbiO,
1965 3973 2190 4024 alterum
2228 3975 2404 4042 ὥςπερ

250 4072 430 4106 vocem
468 4055 724 4107 imitatur.
800 4055 862 4106 de
899 4056 1059 4107 tertio
1099 4055 1217 4107 vide
1257 4055 1534 4108 Merxium.
