2808 4394
371 287 470 338 166

425 417 513 467 983.
590 411 710 454 hano
755 412 956 467 speciem
995 414 1054 457 ab
1093 414 1426 460 διαζευκτικῶν

425 482 570 524 classe
599 481 693 524 iam
732 482 792 525 ab
823 481 1098 538 Tryphone,
1138 484 1250 538 quin
1281 484 1426 527 etiam

426 555 535 596 ante
557 551 855 608 Tryphonem
887 552 1135 597 discretam
1167 568 1266 598 esse
1297 553 1428 598 00111-

424 622 630 678 gendum
662 624 733 666 est
764 636 821 666 ex
847 623 1065 679 Apollon.
1098 624 1156 669 de
1188 625 1304 669 coni.
1326 629 1428 679 4866

423 714 478 728 =
509 697 622 747 2207.
692 694 905 737 auctores
944 693 1253 739 distinotionis
1291 694 1429 738 fuisse

425 763 604 807 Stoicos
648 763 929 819 posteriores
972 765 1111 821 putat
1149 765 1427 810 Sohoeman-

423 849 508 877 nus
537 834 586 877 L.
622 849 664 877 v.
696 833 741 878 d.
772 834 1050 879 Redeteilen
1079 851 1110 893 p
1133 840 1215 879 216
1247 836 1353 879 adn.
1388 842 1425 880 3.

426 903 675 960 Dionysius
721 905 842 949 hano
890 905 1084 950 classem
1122 921 1215 951 non
1259 906 1426 950 habet:

425 976 485 1019 ad
516 981 586 1030 87,
619 980 809 1030 1—88,
841 981 866 1020 2
897 976 946 1019 in
973 992 1004 1034 p
1038 982 1091 1022 88
1132 977 1271 1021 etad
1301 982 1370 1030 90,
1411 981 1427 1019 ι

370 1046 619 1102 παράθεςις
649 1045 697 1088 in
729 1047 1039 1102 Apolloniana
1067 1047 1430 1105 praepositionis

426 1117 717 1162 definitione:
751 1117 811 1161 ad
843 1124 911 1173 70,
944 1124 1055 1164 2—-3

368 1187 779 1249 παρακείμενος
800 1190 970 1244 χρόνος
999 1194 1176 1246 tempas
1195 1190 1432 1234 verboram

419 1260 678 1315 perfectam
708 1264 784 1315 53,
818 1266 842 1303 2
886 1263 935 1304 et
963 1266 1003 1305 4.
1054 1261 1431 1316 *παρακειμένου

431 1336 511 1374 125
542 1330 585 1374 II
616 1335 640 1374 9
674 1332 721 1374 et
755 1337 820 1378 19.
874 1337 953 1376 126
984 1332 1029 1375 Π
1059 1336 1129 1376 22.
1193 1335 1272 1374 127
1303 1331 1346 1374 II
1376 1335 1431 1375 28

426 1403 474 1445 et
505 1406 572 1446 31.
621 1401 688 1444 ΠΙ
724 1407 786 1445 15.
844 1407 922 1446 128
953 1403 973 1446 Ι
1004 1394 1067 1447 15'
1088 1403 1136 1446 et
1166 1406 1234 1445 24.
1287 1401 1333 1444 ΙΙ
1363 1406 1431 1445 23.

429 1477 508 1517 129
539 1473 560 1515 Ι
596 1477 613 1515 1
649 1473 697 1516 et
731 1477 794 1516 12.
840 1472 884 1516 II
915 1478 981 1517 24.
1038 1478 1119 1517 130
1148 1473 1169 1515 I
1201 1476 1270 1516 36.
1318 1471 1361 1514 ΙΙ
1393 1476 1431 1515 1.

432 1543 497 1586 III
531 1548 567 1587 1.
602 1547 679 1586 131
712 1542 734 1586 Ι
765 1548 832 1588 37.
865 1544 906 1586 II
940 1549 977 1586 1.
1009 1543 1074 1587 III
1108 1548 1160 1587 14

371 1613 837 1675 παρακελεύσεως
883 1614 1178 1670 ἐπιρρήματα
1215 1614 1436 1658 adverbia

427 1685 703 1730 hortationis
746 1689 822 1739 82,
876 1689 913 1728 1.
989 1686 1115 1742 apud
1153 1685 1434 1742 posteriores

429 1756 669 1800 technicos
715 1756 857 1800 etiam
903 1760 1344 1813 παρακελευςτικῶν
1389 1759 1435 1800 et

428 1830 938 1883 παρακελευςματικῶν
983 1828 1321 1884 appellationes
1365 1827 1433 1870 in-

427 1898 690 1951 veniuntur,
722 1898 831 1942 vide
863 1898 969 1942 adn.
1006 1898 1067 1942 ad
1096 1899 1125 1945 l.
1158 1900 1188 1942 1.

899 269 1479 332 ΠΑΡΑΔιΑΖεΥκτικοί
1502 311 1554 318 -
1576 271 2009 333 ΠΑΡεΛΗΛγΘςΞς

1528 427 1648 470 quae
1680 427 1771 458 vox
1802 414 1894 458 alio
1925 414 2062 458 huius
2093 417 2396 472 expositionis
2427 418 2529 461 loco

1530 485 1578 528 et
1607 485 1733 541 apud
1765 483 2114 528 Baohmannum
2138 489 2292 542 (31613)
2324 489 2372 531 et
2402 489 2525 544 apud

1530 554 1762 598 Walzium
1802 556 1959 612 (56423)
1996 554 2181 612 legitur.
2241 557 2307 610 (in
2337 557 2532 603 Maximi

1529 625 1661 668 Plan.
1721 624 1882 669 libello
1933 642 1981 670 π.
2034 627 2294 672 ςυντάξεως
2343 629 2530 677 Bachm,

1530 695 1706 753 Aneod,
1753 695 1796 738 II
1845 700 1960 751 1112²
2009 710 2094 752 pro
2145 700 2532 755 ςυμπληρωτικός

1529 765 1825 809 scribendum
1875 769 1947 810 est
1991 780 2047 811 ex
2093 766 2266 812 Sterkii
2311 769 2531 813 emenda-

1529 835 1656 880 tione
1716 838 2090 894 ςυμπλεκτικός.)
2141 863 2196 871 ——
2244 853 2533 895 ςυμπαρα·

1530 909 2008 963 πληρωματικός,
2049 908 2174 964 quod
2211 909 2449 954 invenitur
2485 909 2535 954 in

1531 978 1673 1022 schol.
1713 978 1949 1035 Aristoph.
1992 978 2103 1027 Aah.
2145 985 2190 1034 1,
2243 981 2302 1025 ab
2349 979 2534 1027 Sterkio

1532 1048 1742 1092 mutatur
1777 1049 1826 1091 in
1869 1050 2118 1104 ςύνδεςμος
2151 1054 2534 1108 παραπληρωμα-

1531 1120 1675 1163 τικός.
1709 1145 1763 1150 -
1795 1122 1846 1163 Σ
1871 1125 1990 1175 970,7
2021 1121 2147 1176 apud
2175 1121 2442 1166 Bekkerum
2471 1123 2535 1168 le-

1533 1191 1661 1247 gitur
1682 1194 2256 1247 παραπληρωτικοῑς,
2278 1193 2361 1236 sed
2379 1193 2428 1236 in
2449 1193 2537 1237 UH

1532 1260 2042 1317 παραπληρωματίκός.
2081 1292 2135 1299 -
2174 1262 2223 1306 in
2260 1263 2537 1319 fragmentis

1531 1332 1779 1389 prosodiae
1795 1332 1968 1377 iliacae
1986 1333 2237 1378 Herodiani
2253 1333 2380 1390 apud
2396 1333 2536 1379 Lehr·

1533 1403 1652 1446 sium
1691 1402 1751 1446 ad
1782 1405 1818 1448 Α
1850 1407 1933 1448 465
1971 1405 2058 1448 hoo
2094 1403 2269 1461 legitur
2314 1418 2370 1449 ex
2401 1405 2535 1452 codd.

1532 1473 1614 1516 BL
1654 1474 1916 1530 sumptum:
1963 1477 1989 1519 ό
2037 1476 2087 1519 δὲ
2126 1476 2413 1530 Ἡρωδιανὸς
2449 1478 2538 1521 τὸν

1532 1545 1584 1587 τέ
1615 1546 2068 1600 πληρωματικὸν
2089 1546 2380 1601 ἀποδέχεται,
2411 1547 2539 1602 quod

1534 1614 1765 1670 repetitur
1804 1616 1864 1659 ab
1898 1614 2089 1659 Lentzio
2120 1616 2165 1659 II
2195 1612 2308 1672 '28133
2346 1618 2428 1661 sed
2457 1617 2540 1662 BL

1537 1685 1783 1741 exhibent,
1821 1685 2063 1730 Bekkerus
2093 1686 2359 1732 Dindorfius
2389 1687 2539 1733 Baeh-

1536 1769 1734 1800 mannus
1753 1756 1940 1802 edidere
1959 1760 2540 1814 παραπληρωματικὸν.-

1537 1827 1809 1872 Latinorum
1839 1828 2054 1886 plerique
2083 1829 2168 1873 has
2189 1829 2540 1876 coniunctiones

1537 1900 1782 1943 nominant
1801 1899 2065 1955 expletivas‘,
2097 1900 2226 1944 velut
2246 1900 2542 1945 Cominianus

373 1967 798 2030 παραλαμβάνω
857 1982 1045 2025 usurpo.
1135 1970 1434 2025 παραλαμβά-

430 2055 596 2086 νονται
626 2046 695 2092 93,
731 2045 767 2088 1.
800 2042 1259 2096 παραλαμβανομένη
1291 2044 1359 2096 63,
1392 2045 1432 2084 2.

1537 1970 1664 2026 apud
1695 1969 1873 2016 Charis.
1906 1970 1928 2013 Ι
1958 1975 2099 2027 2243,;
2129 1971 2270 2028 pauci
2297 1971 2542 2028 repletivas

1537 2041 1812 2098 (Palaemon
1857 2055 1933 2098 ap.
1981 2041 2155 2086 Charis.
2200 2042 2222 2085 I
2263 2046 2364 2098 226,ε
2405 2041 2538 2087 Dosi—

1535 2112 1672 2156 theus
1709 2111 1799 2155 VII
1830 2113 1989 2168 41810);
2036 2112 2299 2157 Priscianus
2337 2113 2540 2169 plerum-

1538 2197 1628 2238 que
1667 2183 1976 2240 completivas,
2016 2183 2149 2227 velut
2186 2182 2253 2226 III
2292 2188 2423 2240 102„,
2460 2183 2543 2228 sed

1540 2255 1683 2299 etiam
1721 2255 1973 2311 empletivas
2002 2253 2090 2310 (III
2123 2256 2240 2309 1¹0⁷)
2279 2255 2329 2298 et
2363 2254 2543 2310 repleti-

1539 2338 1621 2370 vas
1651 2325 1734 2381 (III
1765 2326 1884 2382 2853)

1484 2397 1830 2452 *παραπλήσιοι
1864 2400 1958 2451 117,
1992 2400 2017 2439 2

1481 2464 1917 2527 παραστατικός.
1964 2467 2283 2522 παραςτατικά
2322 2481 2428 2511 cum
2459 2481 2536 2524 ge-

429 2112 919 2168 παραλαμβανόμενον
951 2117 989 2166 7,
1024 2116 1061 2155 6.
1112 2117 1177 2167 18,
1210 2116 1249 2155 2.
1296 2115 1363 2164 20,
1395 2115 1434 2158 2.

430 2189 498 2238 28,
531 2189 556 2228 3

377 2257 957 2317 παραπληρωματικοὶ
1025 2256 1267 2308 ςύνδεςμοι
1335 2266 1436 2298 con-

431 2326 691 2371 iunctiones
722 2325 975 2381 eaepzetz'vae
1005 2331 1081 2380 88,
1113 2330 1154 2372 2.
1200 2328 1277 2380 96,
1311 2331 1350 2369 3.
1382 2350 1438 2356 —

430 2398 507 2443 De
555 2396 770 2441 ceteris
811 2396 981 2440 liuius
1021 2396 1224 2440 classis
1262 2395 1438 2439 nomi-

431 2468 602 2512 nibus
649 2467 872 2523 perdocte
913 2467 1011 2524 egit
1048 2467 1186 2510 Elink
1217 2466 1355 2512 Sterk
1388 2466 1435 2510 in

433 2539 655 2596 symbolis
686 2538 930 2582 litterariis
962 2538 1206 2582 doctorum
1236 2537 1284 2580 in
1305 2551 1435 2593 gym-

433 2610 576 2653 nasiis
607 2609 802 2653 Batavis
834 2609 1069 2653 societatis
1098 2610 1131 2652 t.
1155 2608 1242 2652 VII
1272 2623 1303 2664 p
1325 2613 1435 2652 37-

435 2687 503 2725 39.
566 2681 1130 2735 ἀναπληρωματικοὶ
1161 2679 1379 2723 diountur
1410 2692 1438 2721 a

436 2752 716 2796 Palaemone
748 2751 872 2807 apud
905 2751 1079 2795 Charis.
1114 2751 1134 2793 Ι
1166 2754 1266 2806 2262
1297 2751 1346 2793 et
1376 2749 1435 2793 ab

434 2822 658 2867 Dositheo
690 2821 775 2865 VII
813 2827 954 2878 41820,
994 2834 1086 2877 quo
1119 2836 1221 2866 oum
1252 2821 1439 2865 nomine

437 2895 504 2938 cfr
524 2893 741 2950 Apollon.
770 2893 907 2949 Dysc.
941 2894 1064 2949 synt.
1098 2897 1240 2949 26620:
1273 2893 1330 2937 οὐ
1351 2893 1439 2947 γὰρ

435 2966 606 3021 ἀληθές
637 2965 774 3019 ἐςτιν,
823 2965 887 3008 ὥς
917 2978 1043 3008 τινες
1074 2965 1329 3019 ὑπέλαβον,
1362 2964 1439 3017 μό-

438 3051 523 3080 νον
544 3037 717 3080 αὐτοὺς
749 3035 852 3091 (scil
871 3037 984 3080 τοὺς
1010 3038 1440 3091 παραπληρωματι·

437 3108 565 3162 κοὺς)
598 3108 905 3162 ἀναπληροῦν
935 3107 993 3150 τὸ
1025 3107 1223 3162 κεχηνὸς
1253 3109 1338 3161 τῆς
1372 3106 1441 3160 ἑρ-

441 3179 649 3234 μηνείας,
690 3177 738 3220 et
766 3181 817 3222 Σ
845 3182 963 3232 970,9
995 3176 1151 3232 (Mel):
1193 3177 1237 3220 οἱ
1264 3170 1442 3232 Ιμέτρον

439 3251 829 3304 ἀναπληροῦντες
868 3250 896 3302 ἢ
939 3248 1113 3302 κόςμον
1153 3248 1442 3303 παρέχοντες

439 3324 539 3364 τοῖς
571 3320 728 3373 λόγοις
760 3319 894 3363 οὗτοί
925 3319 1058 3374 εἰςιν,
1100 3319 1148 3362 et
1177 3317 1442 3362 Demetrius

439 3392 547 3445 περὶ
594 3392 753 3445 ἑρμην.
813 3393 836 3442 ἓ
869 3394 923 3434 58
953 3389 1019 3433 III
1058 3404 1087 3445 p
1119 3393 1238 3445 27528
1259 3389 1359 3445 Sp:
1400 3389 1444 3434 οἱ

1536 2538 1695 2582 netivo
1725 2537 2046 2595 siqnisieantia
2078 2541 2147 2592 74,
2181 2542 2203 2580 1

1480 2611 1967 2669 παρασυναπτικοὶ
2027 2610 2269 2663 ςύνδεςμοι
2330 2608 2544 2655 coniunc-

1537 2679 1710 2734 tiones,
1751 2693 1866 2735 quas
1903 2692 2025 2723 nuno
2066 2680 2268 2724 causales
2304 2692 2542 2739 vocamus,

1541 2755 1617 2806 88,
1653 2756 1691 2796 1.
1751 2755 1829 2807 92,
1863 2755 1901 2793 2.
1956 2749 2184 2806 originem
2223 2749 2351 2794 ducit
2379 2751 2544 2807 appel-

1540 2821 1680 2876 latio,
1726 2821 1846 2865 siout
1892 2825 2192 2866 ςυναπτικῶν
2236 2834 2431 2878 nomen,
2485 2836 2543 2867 ex

1541 2893 1702 2938 schola
1732 2891 2008 2940 Stoicorum,
2058 2891 2271 2936 Laertius
2300 2892 2436 2950 Diog.
2459 2893 2544 2938 VII

1542 2968 1566 3017 ἓ
1598 2969 1674 3008 71;
1715 2964 2138 3019 παραςυνημμένον
2168 2964 2217 3007 δέ
2249 2965 2371 3009 ἐςτιν
2403 2964 2486 3019 (ὡς
2517 2967 2544 3009 ὀ

1546 3035 1696 3091 Κρῖνις
1737 3037 1879 3091 φηςὶν
1911 3037 1963 3079 ἐν
1991 3040 2050 3091 τῇ
2083 3037 2348 3091 διαλεκτικῇ
2379 3036 2544 3093 τέχνῃ)

1542 3107 1721 3159 ἀξίωμα
1753 3105 1778 3149 ὃ
1810 3107 1903 3151 ὑπὸ
1924 3110 2010 3150 τοῦ
2040 3106 2164 3151 ἐπεί
2185 3107 2438 3161 ςυνδέςμου
2460 3120 2546 3151 πα-

1542 3181 1832 3232 ραςυνῆπται

1487 3244 1925 3307 παρασύνθετον
1962 3260 2134 3291 nomen
2174 3249 2256 3291 aut
2291 3247 2485 3292 verbum
2515 3261 2547 3292 a

1544 3319 1785 3375 composito
1815 3318 2076 3362 derivatam
2107 3322 2175 3372 29,
2208 3323 2234 3362 5
2265 3318 2313 3362 et
2344 3323 2382 3364 7.
2421 3323 2489 3373 50,
2519 3324 2545 3364 3

1546 3390 1594 3433 et
1624 3395 1651 3433 4
1988 3402 1991 3404 ’

441 3463 491 3506 δὲ
529 3462 647 3515 πρὸς
695 3461 832 3504 οὐδὲν
871 3461 1281 3516 ἀναπληροῦντες,
1332 3461 1444 3516 φηςί
1487 3458 1865 3520 παρατατικὸς
1896 3460 2064 3514 χρόνος
2105 3463 2281 3516 tempas
2308 3461 2547 3506 verborum

443 3532 546 3587 (soil
566 3531 921 3587 Praxiphanes)‚
953 3534 1040 3576 τὸν
1073 3533 1325 3586 ςύνδεςμον
1357 3531 1443 3575 ἐοί-

439 3617 537 3648 καςι
574 3608 672 3647 τοῖς
718 3603 991 3658 ὑποκριταῖς
1035 3607 1135 3647 τοῖς
1173 3603 1231 3646 τὸ
1271 3603 1345 3646 καὶ
1384 3602 1442 3644 τὸ

438 3676 558 3731 πρὸς
604 3674 742 3718 οὐδὲν
780 3674 892 3717 ἔπος
932 3674 1157 3727 λέγουςιν.
1211 3698 1262 3704 -
1316 3664 1442 3727 ςὐμ-

438 3744 890 3800 πληρωματικός
950 3743 1123 3800 legitur
1173 3743 1298 3800 apud
1355 3742 1441 3786 Ios.

1542 3530 1870 3586 imperfectum.
1921 3532 2242 3586 παρατατικόν
2272 3536 2341 3586 52,
2374 3537 2400 3576 2
2431 3533 2480 3584 et
2502 3538 2542 3577 3.

1544 3602 1899 3656 *παρατατικοῦ
1933 3605 2013 3644 125
2043 3601 2063 3643 Ι
2100 3606 2163 3645 19.
2199 3606 2278 3646 126
2298 3602 2342 3645 ΙΙ
2366 3607 2432 3646 12.
2465 3607 2545 3646 127

1544 3671 1586 3715 ΙΙ
1617 3675 1687 3715 26.
1728 3670 1795 3714 ΙΙΙ
1826 3675 1892 3715 13.
1942 3676 2020 3715 128
2051 3675 2072 3715 I
2104 3676 2143 3717 7.
2194 3672 2236 3716 11
2270 3677 2334 3720 13.
2380 3672 2447 3717 ΠΙ
2475 3677 2544 3720 82.

1546 3740 1771 3786 1291113.
1804 3741 2004 3790 130126.
2037 3742 2082 3785 ΙΙ
2098 3746 2166 3790 36.
2202 3742 2404 3788 131Ι28.
2438 3742 2545 3788 1113

438 3814 730 3871 Rhaoendyt.
752 3815 822 3858 III
845 3818 946 3870 5655
968 3814 1064 3868 W.;
1099 3814 1181 3858 sed
1210 3814 1259 3857 in
1281 3812 1439 3858 codiee
1486 3813 1881 3868 *παρατέλευτοα
1941 3814 2364 3868 προπαροξύτονον
2402 3814 2428 3857 ὃ
2467 3815 2543 3858 καὶ

438 3884 648 3929 Parisino
701 3891 802 3939 122,
862 3899 919 3929 ex
969 3897 1060 3940 quo
1113 3884 1440 3929 Bachmannus

1543 3885 1805 3939 βαρύτονον
1826 3884 2178 3939 παρατέλευτον
2197 3884 2386 3939 λέγεται
2404 3887 2497 3937 108,
2516 3888 2538 3926 1

439 3956 613 4003 Anecd.
653 3956 697 3999 II
735 3961 816 4000 316
864 3955 1062 4000 eandem
1105 3954 1439 4011 Rhacendytae
1484 3950 1869 4015 παρατήρησιν
1898 3954 2230 3999 observantiam
2260 3958 2299 4008 6,
2333 3958 2384 3997 12

439 4029 545 4082 περὶ
577 4032 779 4082 ςτιγμῶν
810 4026 1144 4083 expositionem
1178 4024 1336 4079 edidit,
1369 4024 1437 4068 in·
1484 4023 1897 4085 παρεληλυθώς
1956 4026 2123 4081 χρόνος
2174 4023 2231 4068 de
2289 4023 2539 4085 verborum

441 4098 625 4141 venitur
669 4097 830 4150 eodem
882 4096 983 4142 loco
1035 4096 1438 4152 ςυμπληρωτικός,

1539 4095 1828 4153 temporibus
1859 4095 2125 4155 praeteritis
2155 4099 2227 4152 53,
2264 4098 2282 4137 1
2307 4093 2378 4139 bis
