2814 4400
912 240 1207 283 ADDENDA
1238 240 1314 284 ET
1347 239 1739 284 CORRIGENDA
2214 241 2403 284 LXXXI

251 387 387 437 quae
426 369 585 420 verba
623 387 733 420 non
771 368 942 421 solum
981 368 1047 419 ab
1086 386 1146 419 eo
1184 367 1322 436 quod
1361 385 1540 418 verum
1579 369 1672 436 est,
1712 368 1804 419 sed
1843 368 2005 420 etiam
2043 370 2186 420 inter·
2209 386 2263 420 se
2290 369 2407 436 ipsa

251 454 549 522 discrepare
594 457 757 522 patet.
834 471 930 506 nec
978 452 1181 504 exstitit
1233 451 1404 503 adhuc
1459 451 1547 519 qui
1606 451 1701 503 hos
1748 452 2011 505 dissensus
2059 471 2242 506 omnes
2291 471 2407 520 pro-

252 538 418 590 babili
472 538 679 589 ratione
736 538 959 590 tolleret.
1043 536 1289 605 quocirca
1351 539 1475 588 sunt
1529 536 1619 604 qui
1683 540 1849 588 totam
1906 539 2288 606 expositionem
2341 538 2407 589 ab

253 622 542 675 Aristotele
588 622 909 676 abiudicent.
984 626 1061 683 at,
1110 621 1153 673 si
1202 621 1394 687 horum
1439 621 1711 689 amplexus
1758 622 1859 672 eris
1905 625 2248 688 sententiam,
2298 623 2407 674 noli

207 724 228 755 5
253 711 519 760 auctorem
556 710 745 775 putare
783 706 1158 775 philosophum
1192 710 1285 758 aut
1318 706 1724 774 grammaticum
1752 706 1865 757 aevi
1902 706 2186 773 inferioriS,
2225 725 2408 759 verum

250 809 348 860 pro
388 795 531 844 certo
570 793 766 844 habeto
806 791 936 842 haec
972 791 1135 842 verba
1174 790 1372 858 scripta
1412 808 1522 841 esse
1561 794 1684 842 ante
1722 790 2021 842 Aristarchi
2060 791 2407 859 disciplinam.

393 961 458 1013 ad
498 961 588 1028 15,
610 960 642 1013 2
665 959 769 1013 -3
812 957 1060 1030 [DISGR.
1086 958 1176 1010 ET
1216 958 1520 1027 TESTIM]
1561 962 1780 1028 propter
1807 960 2026 1029 Georgii
2054 959 2406 1013 Ohoerobosci

252 1050 305 1098 et
351 1049 700 1098 erotematum
755 1044 1225 1096 vetustissimorum
1278 1045 1684 1096 consensionem
1741 1043 2060 1113 Dionysium
2110 1046 2408 1098 existimavi

251 1132 327 1183 sic
375 1131 644 1182 ordinasse
703 1129 906 1180 litteras
963 1129 1152 1180 finales
1208 1129 1644 1181 masculinorum:
1692 1147 1721 1182 ν
1763 1148 1792 1194 ρ
1832 1149 1856 1183 ς
1895 1135 1919 1184 ξ
1958 1148 2023 1195 ψ,
2082 1130 2202 1183 οἷον
2250 1131 2402 1184 Δίων

188 1240 228 1270 10
254 1218 462 1280 Νέςτωρ
499 1215 667 1280 Πάρις
706 1215 889 1268 Φοῖνιξ
926 1214 1134 1278 Πέλοψ.
1193 1216 1262 1278 at,
1305 1216 1582 1283 postquam
1621 1214 1686 1266 ab
1714 1213 1970 1283 Hilgardo
2010 1215 2202 1266 certior
2237 1214 2409 1265 factus

252 1319 366 1352 sum
415 1316 546 1367 quae
604 1298 970 1350 invenirentur
1015 1298 1066 1348 in
1120 1297 1474 1350 Choerobosci
1523 1298 1700 1351 codice
1748 1298 2025 1351 Marciano
2073 1299 2204 1366 489,
2257 1298 2409 1349 aliter

252 1383 592 1436 iudicandum
642 1402 754 1434 esse
793 1382 1047 1434 intellexi.
1123 1382 1381 1452 Georgius
1420 1383 1584 1452 igitur
1623 1384 1677 1435 in
1718 1384 1791 1435 eis
1829 1384 2172 1447 lectionibUS,
2220 1382 2408 1451 quibus

253 1487 482 1522 canones
520 1467 917 1520 Theodosianos
956 1467 1278 1535 explanavit,
1317 1467 1446 1519 haec
1487 1468 1646 1536 dixit,
1685 1469 1729 1520 si
1768 1468 2152 1521 Coislinianum
2197 1467 2294 1519 176
2332 1485 2408 1518 se-

254 1555 490 1623 quimur,
541 1573 575 1622 p
618 1554 729 1622 1226
769 1552 1016 1604 editionis
1056 1552 1222 1604 Gaisf.
1265 1551 1343 1621 (hi
1391 1553 1534 1604 enim
1572 1553 1780 1604 numeri
1818 1554 1872 1604 in
1912 1553 2255 1606 adnotatione
2294 1569 2411 1603 mea

191 1661 231 1692 15
254 1637 592 1708 imprimendi
632 1641 786 1689 erant
823 1655 919 1704 pro
958 1656 991 1704 p
1026 1637 1189 1707 2613):
1228 1639 1408 1690 τελικὰ
1445 1638 1628 1691 τοίνυν
1670 1638 1959 1704 ἀρςενικῶν
1998 1639 2282 1703 ὀνομάτων
2322 1636 2411 1689 εἰςὶ

251 1726 435 1791 πέντε,
486 1741 516 1776 ν
556 1729 581 1778 ξ
621 1740 650 1787 ρ
690 1739 715 1773 ς
753 1740 822 1788 ψ,
863 1721 983 1774 οἷον
1023 1723 1178 1776 Δίων
1220 1723 1432 1787 Νέςτωρ
1470 1723 1641 1787 Πάρις
1680 1724 1862 1777 Φοῖνιξ
1897 1724 2117 1789 Πέλοψ·
2166 1723 2314 1787 χρεία
2352 1722 2410 1773 δέ

252 1811 355 1862 έςτι
390 1806 700 1873 προςθεῖναί
735 1824 853 1860 τινα
892 1805 1007 1872 (scil
1046 1808 1120 1859 ad
1154 1805 1406 1874 Dionysii
1441 1807 1619 1878 verba)
1659 1809 1744 1860 καὶ
1781 1808 1945 1861 εἰπεῖν
1987 1808 2182 1861 οὕτως·
2234 1808 2411 1859 τελικὰ

253 1896 542 1960 ἀρςενικῶν
603 1891 979 1944 ἀνεπεκτάτων
1032 1896 1229 1945 κοινῶν
1288 1893 1408 1944 κατ’
1458 1892 1670 1946 εὐθεῖαν
1717 1893 1800 1945 καὶ
1849 1893 2026 1957 ἑνικὴν
2075 1892 2272 1945 πτῶςίν
2321 1891 2411 1944 εἰςι

253 1979 428 2042 πέντε,
467 1996 497 2031 ν
537 1982 562 2031 Ξ
602 1995 631 2042 ρ
671 1995 695 2029 ς
735 1995 793 2042 ψ.
855 1976 911 2027 in
938 1976 1127 2044 quibus
1154 1976 1329 2028 verbis
1353 1977 1540 2045 putavi
1575 1981 1717 2029 recte
1745 1995 1799 2028 se
1826 1977 2020 2029 habere
2049 1975 2410 2045 exemplorum

190 2085 231 2115 20
256 2063 512 2129 ordinem,
554 2062 634 2113 bis
674 2063 976 2129 corruptum
1017 2079 1129 2113 esse
1155 2060 1392 2113 ordinem
1421 2061 1738 2128 litterarum,
1780 2062 1904 2130 quia
1932 2047 2327 2114 Choeroboscus
2353 2061 2409 2111 in

254 2147 611 2216 disputatione
650 2145 992 2214 subsequenti
1034 2146 1356 2216 (1318—142)
1398 2165 1506 2198 non
1547 2146 1779 2198 secundo
1820 2147 1907 2198 sed
1935 2146 2264 2216 paenultimo
2292 2146 2409 2198 loco

254 2234 318 2285 de
355 2232 659 2284 nominibus
698 2232 752 2282 in
793 2237 817 2285 ξ
857 2230 1218 2283 desinentibus
1257 2233 1490 2300 exponit.
1566 2231 1868 2284 Marcianus
1908 2250 2032 2284 vero
2044 2273 2058 2299 ,
2107 2231 2199 2300 qui
2237 2248 2413 2299 saepe-

255 2336 475 2370 numero
516 2316 732 2385 Georgii
782 2314 940 2366 verba
988 2316 1281 2385 integriora
1318 2335 1476 2385 quam
1516 2315 1871 2369 Coislinianus
1919 2316 2167 2385 praebet,
2216 2316 2269 2367 in
2319 2314 2412 2366 illo

255 2421 410 2472 quem
458 2401 764 2468 transcripsi
805 2400 921 2452 loco
968 2403 1019 2452 et
1056 2400 1262 2453 litteras
1312 2406 1365 2452 et
1404 2402 1644 2470 exempla
1683 2401 2018 2470 alphabetico
2067 2401 2250 2452 ordine
2291 2418 2415 2452 con·

191 2508 234 2539 25
257 2489 432 2540 locata
469 2486 644 2538 habet.
721 2486 968 2553 quocirca
1006 2503 1150 2537 nunc
1191 2504 1380 2538 censeo
1432 2486 1872 2555 exemplorum
1909 2486 2093 2538 seriem
2135 2486 2190 2537 in
2230 2484 2416 2538 Coisli-

254 2572 404 2625 niani
463 2570 725 2638 scriptura
778 2570 1089 2622 traiectione
1148 2571 1513 2640 corrigendam
1583 2589 1697 2623 esse
1762 2589 1935 2640 neque
1991 2570 2096 2623 alia
2150 2570 2418 2621 invenisse

256 2657 687 2710 Choeroboscum
736 2654 794 2706 in
834 2653 1076 2723 Dionysii
1122 2655 1314 2707 techne
1361 2674 1519 2724 quam
1565 2674 1699 2724 quae
1746 2655 1952 2708 codices
1991 2655 2121 2712 artis
2162 2655 2420 2706 exhibent

254 2760 427 2811 neque
472 2742 647 2808 ipsum
694 2738 1151 2808 technographum
1189 2740 1292 2792 alia
1329 2741 1618 2810 scripsisse.
1660 2772 1726 2778 -—
1765 2740 2009 2793 Retinuit
2046 2744 2098 2792 et
2135 2757 2414 2791 numerum

258 2830 311 2879 et
347 2825 585 2878 ordinem
623 2825 916 2876 litterarum
955 2825 1191 2877 finalium
1219 2826 1275 2877 in
1312 2825 1616 2877 nominibus
1643 2825 1951 2877 masculinis
1977 2824 2354 2876 Herodianu
2372 2842 2417 2890 S,

163 2943 165 2945 -
199 2932 240 2963 30
263 2912 381 2963 vide
402 2912 679 2975 Ἐπιτομὴν
706 2913 816 2963 τῶν
845 2909 1182 2975 ὀνοματικῶν
1209 2911 1455 2965 κανόνων
1479 2912 1537 2965 έκ
1561 2917 1672 2964 τῶν
1693 2910 2027 2977 Ἡρωδιανοῦ
2056 2910 2150 2962 ΑΟ
2173 2907 2251 2960 IV
2273 2908 2423 2978 33330

262 3022 329 3040 =
355 2995 550 3047 Herod.
580 2994 786 3046 Lentzii
824 2994 1080 3064 1163427:
1129 2996 1288 3048 πέντε
1337 2995 1428 3049 εἰςὶ
1475 2999 1704 3060 ςτοιχεῖα
1750 2998 1931 3049 τελικὰ
1978 3000 2086 3049 τῶν
2135 2996 2422 3059 ἀρςενικῶν

264 3082 572 3147 ὀνομάτων·
618 3085 651 3134 ν
689 3070 721 3136 Ξ
753 3083 784 3146 ρ
820 3085 851 3132 ἶ
887 3085 949 3146 ᾧ.
1027 3081 1072 3133 εἰ
1110 3082 1169 3133 δέ
1215 3099 1352 3134 τινες
1397 3083 1482 3135 καὶ
1527 3084 1588 3134 τὸ
1627 3087 1655 3134 ἒ
1693 3083 1902 3134 τελικὸν
1951 3081 2204 3147 τιθέαςιν,
2255 3079 2328 3131 ῶς
2367 3079 2424 3131 έν

263 3174 338 3236 τῶ
364 3168 569 3220 τοιόςδε
597 3167 885 3233 τηλικόςδε,
923 3168 955 3230 ἢ
982 3167 1042 3219 τὸ
1081 3155 1119 3219 λ
1138 3169 1223 3219 διὰ
1258 3170 1351 3233 τὴν
1389 3168 1519 3232 ἧλος
1545 3168 1758 3231 γενικὴν
1785 3168 1817 3231 ἢ
1844 3166 2168 3231 Ἀςδρουβάλ
2198 3164 2426 3230 εὐθεῖαν,

266 3253 331 3306 οὐ
380 3253 769 3318 παραδεκτέον·
819 3253 1029 3305 τούτων
1079 3254 1180 3316 γὰρ
1228 3254 1288 3305 τὸ
1338 3256 1432 3318 μὲν
1481 3258 1698 3318 πρῶτον
1747 3252 1867 3304 κατ>
1905 3252 2178 3304 έπέκταςιν
2227 3253 2324 3302 τοῦ
2365 3237 2429 3301 ἴε

203 3356 244 3388 35
268 3339 477 3401 λέγεται
517 3376 936 3390 ...........
974 3339 1060 3390 καὶ
1095 3339 1157 3390 τὸ
1196 3327 1228 3391 λ
1265 3340 1324 3391 δὲ
1373 3339 1624 3404 οὐδαμῶς
1672 3338 1880 3391 τελικὸν
1919 3337 2174 3402 ἡγητέον·
2227 3337 2293 3388 τὰ
2329 3335 2429 3399 γὰρ

266 3427 485 3476 τοιαῦτα
546 3423 785 3489 ὀνόματα
847 3422 947 3488 οὐχ
1003 3422 1299 3488 Ἑλληνικά,
1364 3424 1503 3475 ἀλλὰ
1557 3424 1794 3488 βάρβαρα
1855 3423 1939 3475 καὶ
1995 3421 2431 3486 ἀχαρακτήριςτα.

268 3507 690 3560 Theodosius
731 3507 1120 3560 Alexandrinus
1132 3548 1145 3574 ,
1194 3507 1287 3575 qui
1323 3507 1377 3558 in
1419 3507 1711 3558 canonibus
1750 3507 1860 3558 suis
1898 3504 2257 3558 nominalibus
2297 3502 2432 3554 ordi-

270 3591 460 3643 nandis
510 3592 575 3643 ab
622 3591 724 3644 hoc
764 3590 1008 3660 Dionysii
1054 3591 1170 3643 loco
1218 3591 1491 3660 profectus
1541 3594 1645 3656 est,
1695 3590 2004 3659 praeposuit
2050 3589 2267 3641 nomina
2314 3588 2369 3638 in
2405 3590 2436 3638 Ε

271 3677 569 3729 desinentia
617 3677 714 3741 eiS,
765 3695 900 3745 quae
948 3681 981 3730 V
1020 3666 1056 3732 ἷ
1081 3680 1113 3741 ρ
1152 3680 1196 3741 ᾧ
1242 3677 1435 3728 litteris
1482 3676 1864 3743 terminantur,
1915 3675 2064 3745 quia,
2115 3677 2174 3725 ut
2221 3673 2435 3724 illorum

211 3779 254 3810 ιο
276 3761 431 3813 flexio
470 3760 860 3825 inlustraretur,
901 3761 1071 3813 multo
1111 3761 1308 3814 maiore
1348 3780 1481 3830 opus
1520 3763 1635 3812 erat
1670 3760 1983 3830 regularum
2012 3774 2251 3810 numerO.

419 3931 484 3983 ad
535 3931 627 3997 15,
655 3930 689 3983 3
739 3935 773 3984 ᾶ
809 3950 841 3997 η
878 3935 924 3985 HJ
960 3936 994 3985 ν
1029 3919 1060 3987 Ξ
1096 3934 1129 3997 ρ
1162 3936 1194 3985 ἰ
1230 3934 1298 4001 ᾧ]
1363 3931 1518 3985 huius
1575 3931 1874 3984 litterarum
1926 3928 2127 3981 ordinis
2176 3927 2438 3979 rationem

280 4015 537 4083 explicavi
574 4016 690 4068 Zur
738 4015 1257 4084 Wiederherstelluny
1294 4037 1327 4085 p
1373 4017 1454 4071 79.

365 4107 539 4147 Dionysii
564 4108 723 4139 Thracis
749 4116 809 4138 ars
835 4108 1087 4147 grammatica
1113 4108 1170 4140 ed.
1190 4109 1320 4145 Vhlig.
2084 4095 2106 4138 f
