2814 4400
446 272 604 317 XVIII
1168 270 1248 314 DE
1279 269 1498 315 CODICE
1527 267 1886 314 MONACENSI

448 418 632 453 vacua.
696 398 909 451 F0149r
936 398 1004 450 ab
1030 397 1115 450 his
1142 397 1373 450 orditur-z
1411 397 1648 464 γεραιός·
1689 399 1753 451 τὸ
1789 401 1852 460 :fe
1888 396 2055 462 ψιλὸν
2091 397 2155 450 τὸ
2182 399 2268 459 ρῖι
2292 396 2610 464 δίφθογγον.

449 502 577 554 ergo
603 485 793 536 desunt
818 500 971 536 voces
997 502 1030 535 a
1056 488 1085 551 β
1111 482 1445 551 incipientes.
1509 499 1642 551 quae
1679 485 1859 534 tamen
1898 480 2025 533 olim
2057 481 2322 534 exstitisse
2345 481 2613 550 putandae

448 573 574 622 sunt
609 570 667 622 in
704 568 955 620 foliorum
991 567 1110 637 pari
1148 567 1286 636 quod
1323 567 1465 619 inter
1499 567 1569 620 48
1596 569 1649 619 et
1672 566 1742 619 49
1767 565 2054 618 intercidit.
2116 563 2322 618 Vltima
2344 584 2379 630 γ
2404 566 2618 621 litterae

449 672 551 706 vox
576 655 825 719 γλίεχρον
853 656 934 705 est
958 671 1093 722 quae
1118 653 1176 705 in
1200 651 1281 705 fol
1305 651 1395 703 49r
1420 650 1502 705 col
1526 650 1583 704 II
1605 652 1742 708 med.
1770 651 1984 720 legitur,
2026 652 2140 702 tum
2164 649 2368 719 (rursus
2393 650 2615 705 dimidia

448 753 694 805 columna
719 770 885 805 vacua
910 751 1122 823 relicta)
1147 751 1204 804 in
1228 751 1307 803 fol
1330 751 1421 804 49v
1447 750 1706 819 sequitur:
1746 751 1839 805 δόε
1875 751 1959 804 καὶ
1997 749 2145 803 δότε·
2205 749 2269 802 τὸ
2305 738 2371 803 δῖ)
2408 750 2612 816 μικρόν.
2635 773 2657 806 5

449 838 684 905 pertinet
721 840 899 889 autem
926 842 956 890 δ
983 836 1162 889 littera
1200 853 1364 905 usque
1402 836 1469 887 ad
1506 835 1668 888 finem
1706 835 1822 887 folii
1847 836 1936 888 51Γ
1961 833 2044 887 col
2068 832 2118 902 I,
2156 832 2248 886 ubi
2284 833 2418 887 haec
2452 833 2614 891 habe·

457 954 601 988 mus:
643 936 931 1003 δικαίωμα·
971 937 1032 989 τὸ
1061 940 1105 988 ὦ
1131 936 1264 1001 μέγα
1290 936 1373 988 καὶ
1398 937 1461 989 τὸ
1488 924 1759 1003 δῖψιλόν,
1798 936 1958 1003 atque
1997 933 2199 1002 aliquot
2237 949 2388 985 voces
2425 931 2613 1002 nudas,

447 1020 514 1072 ad
563 1039 691 1089 quas
736 1021 985 1074 librarius
1024 1014 1383 1090 praetermisit
1428 1020 1619 1072 addere
1668 1018 2078 1087 descriptionem
2118 1016 2612 1087 orthographicum:

447 1108 648 1159 δίκαιος
685 1107 988 1171 δικαιοεύνη
1028 1105 1272 1170 διαίρεειε
1311 1107 1607 1158 δικαεταῖοε
1639 1103 1760 1175 (sic)
1786 1108 2096 1170 δευτεραῖος
2135 1104 2425 1171 διαβαίνειν
2462 1107 2614 1157 δεκα-
2703 1123 2706 1125 ’

446 1194 594 1245 ταῑοε
620 1193 890 1256 δράκαινα.
939 1191 1188 1244 ,columna
1212 1189 1268 1241 II
1295 1189 1528 1242 eiusdem
1553 1188 1783 1258 paginae
1809 1191 1924 1241 tota
1947 1207 2128 1242 vacua.
2182 1189 2312 1241 item
2336 1188 2393 1240 in
2418 1187 2496 1240 fol
2521 1188 2617 1242 51ν
2637 1210 2681 1244 10

446 1276 620 1345 prima
658 1276 870 1344 quidem
908 1293 1099 1327 manus
1136 1275 1370 1326 litteram
1408 1275 1623 1343 scripsit
1657 1273 1886 1338 nullam,
1936 1275 2026 1326 sed
2070 1273 2351 1342 impletum
2399 1275 2508 1338 est,
2558 1275 2619 1326 ut

354 1363 368 1373 ‘
448 1361 551 1412 iam
592 1360 731 1427 dixi,
771 1360 942 1412 latina
978 1359 1289 1428 precatione
1329 1358 1516 1412 Patris
1551 1359 1734 1412 nostri.

586 1444 651 1497 In
678 1463 740 1497 eo
767 1444 1150 1514 quaternione,
1193 1444 1280 1512 qui
1309 1443 1616 1497 f0152-59
1636 1444 2034 1512 complectitur,
2059 1438 2330 1496 invenitur
2353 1442 2616 1513 posterior
2684 1475 2690 1481 ·

442 1548 566 1599 pars
618 1528 1149 1582 commentarioli
1200 1529 1366 1590 artis
1405 1527 1862 1598 Dionysianae
1910 1529 1975 1582 ab
2013 1524 2276 1598 Hilg'ardo
2325 1528 2454 1582 editi
2490 1527 2614 1581 inde

445 1617 512 1668 ab
539 1634 663 1683 φοι(
699 1615 1032 1680 πολυώνυμα
1068 1615 1316 1678 λέγονται
1351 1631 1386 1682 p
1413 1614 1528 1684 3527
1555 1612 1625 1667 H.
1652 1631 1819 1683 usque
1846 1612 1912 1666 ad
1940 1614 2276 1680 εημαίνουειν
2302 1614 2363 1667 δὲ
2386 1613 2610 1680 ὕπαρξιν
2634 1632 2677 1666 15

443 1703 572 1768 μετὰ
608 1702 808 1756 τάξεως
843 1718 879 1769 p
917 1700 1049 1770 45¹9.

585 1785 919 1838 F0160—65
945 1784 1171 1852 denique
1196 1783 1456 1853 praebent
1482 1774 2112 1837 commentationem
2137 1782 2611 1853 theologicam,

443 1872 534 1924 sed
572 1871 730 1923 huius
769 1887 979 1942 quoque
1017 1869 1210 1921 desunt
1248 1872 1301 1921 et
1337 1869 1550 1921 initium
1578 1871 1631 1921 et
1655 1869 1844 1922 exitus,
1906 1869 2079 1938 prima
2105 1868 2263 1920 verba
2289 1870 2441 1920 sunt:
2479 1885 2615 1936 μενα

444 1959 577 2011 κατὰ
622 1958 718 2010 τὸν
766 1955 901 2008 ὅλον
950 1955 1117 2018 λόγον
1166 1940 1414 2008 κάλλιεῗά
1459 1972 1516 2008 τε
1561 1956 1647 2008 καὶ
1683 1955 2112 2020 θεοπρεπέετατα
2149 1954 2378 2018 γίνεεθαι
2416 1955 2502 2008 καὶ
2538 1954 2614 2008 ὥς

444 2041 568 2096 οὐκ’
605 2042 685 2096 ἐνι
731 2040 948 2106 κρείττω
997 2041 1245 2104 γίνεεθαι.
1319 2039 1523 2106 ἀνάγκη
1570 2041 1672 2107 γὰρ
1719 2041 1815 2094 τὸν
1860 2040 2027 2094 αὐτὸν
2066 2039 2204 2094 εἶναι
2241 2040 2466 2105 ποιητὴν
2502 2042 2678 2095 τῶνιιο

444 2127 623 2182 ὄντων
674 2127 759 2180 καὶ
805 2127 1135 2191 προνοητήν.
1212 2124 1337 2178 οὔτε
1383 2126 1488 2190 γὰρ
1535 2127 1746 2191 πρέπον
1796 2125 1920 2179 οὔτε
1967 2125 2271 2179 ἀκόλουθον
2308 2124 2478 2179 ἄλλον
2517 2125 2614 2191 μὲν

442 2214 670 2278 ποιητὴν
729 2210 866 2265 εἶναι
920 2215 1029 2264 τῶν
1079 2209 1284 2275 ὄντων,
1334 2209 1504 2264 ἄλλον
1553 2213 1612 2264 δὲ
1664 2210 1991 2277 προνοητήν.
2068 2212 2326 2262 extrema:
2385 2210 2464 2264 ὢν
2507 2210 2614 2275 γὰρ
2664 2244 2670 2254 ·

443 2298 598 2364 φύεει
635 2298 839 2350 τέλειος
878 2298 1001 2349 θεὸς
1038 2296 1231 2359 γέγονε
1271 2296 1427 2362 φύεει
1462 2296 1666 2349 τέλειος
1700 2294 1988 2361 ἄνθρωπος
2015 2293 2046 2347 ὁ
2074 2294 2265 2364 αὐτός,
2304 2293 2371 2347 οὐ
2396 2293 2615 2360 τραπεὶς

440 2384 537 2447 τὴν
595 2381 781 2449 φύειν,
850 2381 979 2434 οὐδὲ
1031 2380 1305 2448 φαντάεαε
1359 2382 1456 2446 τὴν
1513 2380 1826 2447 οἰκονομίαν
1884 2379 2022 2434 ἀλλὰ
2081 2384 2144 2448 τῇ
2201 2379 2260 2432 ἐκ
2311 2381 2404 2444 τῆς
2463 2377 2616 2442 ἁγίας

441 2467 715 2532 παρθένου
764 2466 1017 2533 ληφθείεῃ
1074 2467 1303 2528 λογικῶς
1348 2482 1407 2518 τε
1457 2466 1555 2518 καὶ.
1642 2464 2007 2533 fragmentum
2052 2463 2142 2516 hic
2189 2462 2446 2516 habemus
2488 2462 2678 2517 libriss

441 2550 724 2603 Ioannis
780 2548 1279 2619 Damasceni*),
1340 2549 1429 2618 qui
1488 2548 1801 2601 inscribitur
1859 2549 2120 2603 ἔκδοειε
2175 2549 2447 2615 ἀκριβὴς
2504 2551 2614 2615 τῆε

443 2635 820 2700 ὀρθοδόξου
881 2635 1171 2688 πίετεωε.
1271 2633 1511 2686 continet
1566 2633 1755 2702 capitis
1811 2631 1992 2685 XLIII
2043 2636 2250 2702 partem
2305 2636 2611 2697 extremam,

444 2720 619 2789 capita
658 2717 829 2771 XLIV
872 2721 926 2770 et
960 2716 1107 2770 XLV
1146 2719 1382 2787 integra,
1421 2718 1609 2787 capitis
1646 2717 1822 2771 XLVI
1858 2718 2208 2787 principium:
2246 2717 2274 2770 I
2309 2736 2345 2787 p
2376 2717 2476 2772 196
2501 2719 2552 2771 Α
2578 2717 2611 2771 6

444 2803 618 2856 -205
661 2802 750 2855 Β6
790 2802 1038 2854 editionis
1077 2802 1486 2872 Lequienianae.
1561 2803 1886 2856 antecedunt
1921 2802 2079 2856 haec:
2127 2804 2173 2857 εἰ
2223 2804 2283 2856 δὲ
2320 2806 2447 2857 θεοῦ
2486 2802 2611 2870 βού-

446 2890 588 2955 ληείε
627 2888 763 2941 ἐςτιν
802 2889 834 2953 ἡ
873 2888 1129 2953 πρόνοια,
1178 2891 1319 2942 πᾶεα
1354 2887 1559 2954 ἀνάγκη
1596 2889 1874 2942 πάντα-τὰ
1911 2893 1973 2958 τῇ
2011 2887 2244 2957 προνοίᾳ
2280 2888 2417 2952 γινό.
2490 2887 2676 2941 sub-ao

444 2976 759 3041 sequuntur:
818 2977 1022 3038 νοερῶε
1067 2974 1389 3042 ἐψυχωμένῃ
1438 2973 1583 3040 εαρκὶ
1627 2973 1710 3026 καὶ
1758 2974 1815 3027 ἐν
1866 2973 2013 3042 αὐτῷ
2059 2974 2122 3027 τὸ
2171 2971 2309 3037 εἶναι
2356 2971 2610 3043 λαχούςῃ.

445 3061 765 3127 postremum
830 3058 996 3110 totius
1057 3057 1179 3110 libri
1250 3060 1412 3127 caput
1474 3060 1554 3110 est
1620 3057 1993 3111 centesimum:
2065 3059 2187 3124 περὶ
2254 3057 2610 3129 ἀναετάεεωε,

445 3161 479 3211 p
518 3143 799 3195 300—304
836 3141 960 3211 Leq.
1583 3195 1586 3199 .

584 3227 666 3280 Ex
703 3226 803 3278 hac
843 3227 1198 3298 descriptione
1236 3228 1531 3282 miserrime
1568 3228 1869 3282 mutilatum
1895 3229 2164 3295 κειμήλιον
2190 3226 2513 3282 Monacense
2548 3228 2608 3280 in

444 3331 630 3365 manus
668 3315 877 3364 nostras
916 3314 1220 3381 pervenisse
1259 3313 1388 3366 satis
1414 3312 1769 3383 intellegitur,
1810 3312 1901 3366 sed
1928 3313 2090 3366 etiam
2115 3314 2289 3382 magis
2315 3330 2399 3365 res
2423 3313 2608 3382 aperta
2629 3326 2673 3360 ⁸⁶

443 3396 655 3449 aliunde
703 3399 797 3450 est.
882 3398 1077 3450 etenim
1133 3397 1306 3451 medio
1353 3398 1406 3450 in
1456 3397 1642 3451 dextro
1691 3397 1935 3467 margine
1979 3397 2099 3450 folii
2144 3397 2234 3451 37r
2280 3395 2608 3466 adscriptum

444 3497 800 3566 conspicimus
834 3468 912 3566 fe,
953 3498 1137 3551 eodem
1175 3499 1294 3552 loco
1331 3498 1449 3552 folii
1475 3499 1565 3551 45Γ
1592 3470 1671 3554 ΙΛΗ.
1734 3515 1865 3567 quos
1901 3515 2149 3551 numeros
2187 3497 2422 3551 indicare
2458 3499 2610 3567 patet

443 3583 511 3635 ab
563 3582 645 3635 his
692 3582 834 3635 foliis
890 3582 1016 3635 olim
1071 3584 1331 3653 incepisse
1382 3583 1757 3653 quaterniones
1809 3583 1874 3637 15
1921 3587 1974 3636 et
2022 3582 2102 3636 18.
2188 3600 2316 3652 ergo
2364 3582 2412 3635 ei
2454 3580 2604 3648 felic,

444 3667 585 3738 quod
622 3686 766 3720 nunc
803 3668 1033 3736 primum
1072 3674 1176 3737 est,
1216 3673 1548 3723 antecessere
1580 3667 1956 3738 quaterniones
1983 3667 2272 3739 decem**).
2333 3667 2391 3720 in
2417 3666 2606 3737 quibus

557 3852 598 3907 *)
628 3850 764 3894 huius
784 3852 960 3908 scripta
981 3853 1034 3895 ut
1053 3852 1434 3909 pervestigarem,
1467 3851 1615 3898 suasit
1635 3850 1955 3896 Guilelmus
1978 3850 2240 3909 Gassius,
2271 3849 2604 3908 Byzantiorum

447 3920 712 3977 theologiae
744 3924 976 3967 scrutator
1005 3922 1142 3966 hodie
1174 3921 1308 3967 facile
1338 3921 1570 3980 princeps,

529 3993 600 4044 **)
633 4006 740 4035 nam
771 3993 818 4035 in
851 3992 1181 4048 quaterniones
1221 3993 1525 4050 complicatas
1564 3991 1706 4037 fuisse
1738 4006 1899 4039 omnes
1929 3993 2101 4039 codicis
2130 3993 2426 4039 membranas
2455 3991 2600 4037 simil-

445 4061 601 4103 limum
636 4062 762 4106 certe
795 4063 889 4107 veri
921 4066 1003 4110 eet.
