2814 4400
478 306 666 350 XLVIII
872 289 950 350 DE
982 305 1206 351 THEOD.
1237 305 1583 352 CANONIBVS
1615 307 1696 351 DE
1727 307 2019 353 SVPPLEM.
2038 301 2241 354 'PRIMO

478 434 720 503 vulgavit
757 433 1116 506 Gaisfordus),
1155 434 1221 487 ab
1260 433 1670 505 Sophroni0‚
1708 436 2066 490 Alexandriae
2111 438 2419 506 patriarcha
2464 438 2640 509 (cuius

486 521 670 585 ςχόλια
717 520 951 586 ςύντομα
1000 520 1058 574 ἐκ
1103 525 1213 574 τῶν
1257 524 1354 590 τοῦ
1404 521 1649 586 Χάρακος
1696 521 1911 574 exhibet
1946 520 2107 574 codex
2154 517 2479 577 Havniensis
2503 524 2642 579 1965

477 622 513 672 p
539 603 864 672 343—437),
902 603 1130 673 denique
1167 604 1236 657 ab
1272 604 1617 658 Theodoro
1643 604 2001 659 Prodromo
2026 605 2107 677 (in
2134 605 2450 678 Goettlingii
2473 609 2642 664 Theo·

476 689 624 741 dosio
662 707 697 757 p
723 689 837 758 892⁵
866 688 1034 760 seqq).
1107 689 1236 742 item
1281 690 1340 742 in
1386 693 1674 743 erotemata
1708 690 1805 743 hos
1843 708 2071 743 canones
2108 708 2315 761 quoque
2352 710 2639 748 conversos
2716 734 2719 737 -

476 774 611 843 legis
648 774 705 825 in
744 773 1081 827 catechismis
1108 773 1548 844 GuelferbytanO,
1585 774 1974 844 Moschopulio,
2012 774 2247 842 Niliano‚
2287 776 2637 849 Tubingensi.
2682 793 2705 828 5

475 876 541 910 ex
603 858 796 927 quibus
856 859 1330 929 interrogamentis
1389 877 1489 913 nec
1549 859 1727 913 minus
1788 878 1852 912 ex
1913 858 2200 929 Sophronii
2259 861 2641 933 Prodromique

473 944 870 997 commentariis
909 962 1045 1013 quae
1083 944 1220 996 scitu
1257 943 1422 1014 digna
1460 947 1586 997 sunt
1620 944 1856 1014 proferet
1881 943 2248 1015 Hilgardus
2270 947 2342 1000 in
2380 965 2444 1001 ea
2478 966 2640 1018 quam

472 1032 628 1097 parat
687 1029 993 1100 regularum
1055 1028 1544 1082 Theodosianarum
1599 1029 2032 1098 scholiorumque
2089 1030 2445 1085 Choerobosci
2499 1051 2642 1088 nova

474 1113 723 1168 editione.
1788 1122 1793 1125 “

614 1198 695 1251 Ea
757 1217 880 1252 vero
941 1200 1358 1269 sympleromata
1413 1217 1552 1269 quae
1606 1199 1747 1252 infra
1797 1198 1937 1253 edidi
1984 1199 2144 1271 longe
2198 1201 2422 1256 minoris
2478 1220 2640 1273 quam
2661 1218 2705 1252 10

473 1301 705 1338 canones
742 1283 1026 1338 Theodosii
1064 1284 1296 1338 ambitus
1334 1287 1471 1340 sunt.
1650 1275 1653 1277 i

897 1439 979 1492 De
1018 1403 1513 1510 supplementorum
1551 1457 1685 1508 quae
1724 1439 1983 1493 edidimus
2013 1430 2212 1509 'prim0.

613 1541 753 1594 Κατὰ
804 1541 1113 1610 προςῳδίαν
1165 1540 1393 1593 recitare
1447 1538 1699 1592 iubentur
1747 1538 1997 1608 discipuli
2051 1539 2118 1592 ab
2172 1540 2482 1611 artigrapho
2519 1545 2554 1610 ξ
2578 1543 2638 1614 23

472 1642 654 1677 verum
703 1642 875 1694 neque
924 1628 1055 1694 quot
1098 1625 1470 1694 prosodiarum
1515 1641 1715 1694 genera
1751 1623 2132 1694 distinguenda
2168 1624 2280 1678 sint
2313 1627 2641 1696 praecipitur

467 1728 567 1763 nec
612 1710 780 1762 ullum
828 1709 1046 1763 verbum
1096 1711 1150 1762 in
1197 1713 1314 1763 tota
1351 1712 1463 1763 arte
1500 1708 1698 1779 legitur
1734 1709 1799 1762 de
1837 1709 2139 1779 spiritibuS,
2186 1709 2251 1763 de
2288 1711 2636 1783 apostrophe,
2659 1729 2703 1763 ιιι

466 1796 530 1847 de
569 1795 854 1850 dirimendi
893 1795 1321 1865 coniungendive
1347 1795 1536 1864 signis,
1578 1794 1669 1847 sed
1702 1793 1766 1847 de
1791 1795 2067 1848 tenoribus
2091 1797 2300 1848 tantum
2327 1796 2636 1852 brevissime

466 1880 719 1933 docemur
755 1883 789 1948 ξ
814 1882 863 1950 3,
905 1881 1074 1950 deque
1114 1879 1380 1933 vocalibus
1419 1879 1679 1949 correptis
1716 1882 1782 1955 et·
1801 1879 2073 1948 productis
2110 1879 2169 1932 in
2205 1880 2546 1952 paragrapho
2571 1882 2638 1937 de

463 1965 671 2023 litteris,
756 1969 1077 2035 quapropter
1131 1966 1233 2019 arti
1291 1967 1452 2034 caput
1507 1963 1771 2018 adiectum
1819 1966 1967 2032 περὶ
2019 1969 2445 2036 προςῳδιῶν,
2493 1968 2637 2038 quod

466 2049 738 2104 Bekkerus
763 2051 966 2120 publici
1003 2051 1135 2104 iuris
1172 2050 1305 2104 fecit
1341 2049 1544 2103 Anecd.
1573 2048 1627 2102 II
1650 2069 1686 2119 p
1713 2050 2009 2103 674-675.
2068 2048 2151 2103 De
2176 2049 2332 2103 huius
2358 2054 2635 2107 auctore

465 2136 521 2188 in
569 2136 937 2205 porphyriana
995 2135 1396 2205 explanatione,
1463 2137 1526 2188 de
1574 2153 1679 2203 qua
1725 2152 1850 2188 mox
1897 2134 2116 2202 dicetur,
2164 2133 2326 2188 haece
2375 2136 2631 2207 leguntur
2655 2154 2698 2188 so

465 2220 562 2273 BA
603 2221 756 2291 6763:
808 2224 978 2277 ἰςτέον
1028 2224 1103 2277 ὡς
1141 2222 1172 2274 ὁ
1212 2223 1354 2291 Θρᾷξ
1392 2221 1683 2275 Διονύςιος
1729 2220 1760 2273 ὁ
1809 2223 1932 2286 περὶ
1979 2227 2089 2275 τῶν
2138 2220 2280 2274 ὀκτὼ
2320 2226 2501 2288 μερῶν
2535 2227 2635 2278 τοῦ

464 2308 631 2370 λόγου
682 2307 895 2364 διδάξας
941 2308 1076 2374 ἡμᾶς
1126 2309 1210 2361 καὶ
1247 2307 1323 2361 ἔτι
1360 2306 1468 2371 πρὸ
1506 2306 1719 2359 τούτων
1757 2307 1882 2371 περὶ
1921 2307 2194 2371 ςτοιχείων
2231 2305 2316 2359 καὶ
2353 2309 2634 2376 ςυλλαβῶν

462 2394 546 2445 καὶ
592 2394 786 2448 λέξεως
834 2393 931 2446 οὐκ
977 2394 1087 2447 ἀπὸ
1135 2398 1247 2446 τῶν
1295 2395 1615 2460 προςῳδιῶν
1654 2390 1875 2460 ἤρξατο,
1925 2390 2043 2444 ἀλλ’
2080 2391 2191 2444 ἀπὸ
2229 2390 2503 2462 roo-&pou
2538 2394 2634 2459 τῆς

460 2482 829 2544 γραμματικῆς.
905 2479 971 2531 τὰ
1009 2480 1068 2531 δὲ
1106 2479 1228 2544 περὶ
1264 2476 1567 2546 προςῳδίας
1604 2476 1786 2541 ἕτερός
1810 2492 1903 2539 τις,
1943 2475 2143 2529 τούτου
2170 2476 2632 2548 μεταγενέςτερος,

461 2564 547 2616 διὰ
584 2564 711 2616 τοὺς
749 2562 866 2629 ἄρτι
904 2567 996 2629 τῆς
1033 2564 1390 2630 γραμματικῆς
1416 2561 1752 2627 ἀρχομένους
1778 2560 2080 2623 ἀναγκαίως
2108 2560 2327 2616 ἐδίδαξε.
2375 2561 2453 2615 sic
2477 2561 2633 2617 Vati·
2653 2578 2698 2612 τε

461 2665 624 2700 canus
649 2648 715 2700 14
741 2646 879 2700 Ham
889 2648 933 2701 b.
961 2666 995 2717 p
1012 2648 1097 2716 60,
1125 2647 1229 2700 nisi
1257 2646 1398 2717 quod
1419 2663 1595 2698 errore
1615 2646 1814 2703 λέξεων
1834 2662 1933 2713 pro
1958 2646 2152 2701 λέξεως
2173 2646 2226 2697 et
2251 2646 2378 2700 τοὺς
2396 2662 2631 2715 γραμμα-

460 2735 638 2787 τικοὺς
684 2750 782 2801 pro
831 2737 923 2799 τῆς
969 2736 1330 2800 γραμματικῆς
1375 2730 1576 2800 scripta
1624 2732 1763 2786 sunt.
1839 2747 1940 2782 nec
1987 2730 2092 2783 nisi
2130 2730 2187 2782 in
2223 2728 2436 2799 pusillis
2470 2731 2631 2808 rebus

462 2817 766 2887 discrepant
804 2816 1160 2872 Baroccianus
1202 2817 1302 2871 116
1338 2816 1416 2869 fol
1440 2816 1531 2868 21ι
1554 2813 1832 2868 Palatinus
1860 2813 1928 2867 70
1953 2813 2025 2867 fol
2053 2814 2179 2867 221r
2202 2813 2499 2869 Vaticanus
2523 2815 2632 2872 240

460 2902 535 2955 fol
566 2904 615 2954 1r
651 2901 952 2956 Marcianus
981 2903 1084 2957 652
1120 2902 1196 2955 fol
1237 2902 1358 2955 1061
1394 2900 1668 2954 Parisinus
1715 2899 1871 2953 2542.
1959 2917 2136 2952 verum
2187 2898 2462 2954 Parisinus
2487 2901 2630 2957 2603

458 2988 589 3056 (non
617 2988 756 3041 2542
794 3006 948 3058 quem
990 2987 1263 3040 Bekkerus
1289 2986 1494 3059 laudat)
1520 2984 1692 3039 Vatic.
1725 2985 1858 3037 1751
1897 2983 1973 3038 fol
2005 2985 2089 3038 17Γ
2125 2984 2423 3056 Hamburg.
2458 3004 2495 3056 p
2520 2985 2628 3041 369
2648 3002 2693 3037 ιο

462 3073 588 3125 haec
615 3072 816 3125 habent
851 3090 947 3142 pro
984 3074 1050 3127 τὰ
1083 3075 1141 3127 δὲ
1179 3075 1301 3140 περὶ
1338 3072 1642 3143 προςῳδίας
1672 3071 1726 3122 et
1751 3070 2096 3139 sequentibus
2123 3069 2326 3123 verbis:
2363 3070 2531 3126 ἄλλος
2566 3072 2628 3127 δέ

458 3177 536 3213 τις
574 3160 1035 3225 μεταγενέςτερος,
1077 3158 1449 3213 Θεοδόςιος
1485 3157 1747 3222 τοῦνομα,
1789 3156 1887 3209 τὸν
1926 3155 2274 3223 Ἀλεξανδρέα
2311 3154 2460 3223 φημί,
2497 3146 2628 3212 τούς

458 3261 515 3296 τε
554 3244 907 3309 ὀνοματικοὺς
946 3244 1177 3298 κανόνας
1215 3246 1301 3298 καὶ
1336 3244 1464 3297 τοὺς
1492 3240 1805 3308 ῥηματικοὺς
1833 3241 2170 3307 ἑτεχνάςατο,
2210 3241 2276 3295 ὃν
2314 3241 2379 3306 δὴ
2405 3240 2492 3294 καὶ
2515 3243 2627 3296 τῶν

458 3328 592 3395 (τῶν
618 3330 739 3394 περὶ
765 3326 886 3380 vat.
915 3325 991 3395 H)
1019 3333 1340 3398 προςῳδιῶν
1365 3345 1504 3382 τινες
1528 3328 1811 3391 παριςτῶςι
1848 3326 2155 3393 ςυγγραφέα
2179 3326 2268 3379 διὰ
2303 3325 2367 3378 τὸ
2404 3323 2627 3392 ἀςαφῶς

459 3413 578 3479 περὶ
615 3414 792 3477 τόνων
833 3412 1095 3466 διδάςκειν
1121 3415 1218 3469 τὸν
1245 3413 1555 3468 Διονύςιον.
1612 3408 1769 3463 ἄλλοι
1797 3410 1855 3462 δὲ
1884 3411 1966 3463 καὶ
1989 3413 2151 3464 τοῦτο
2177 3412 2275 3463 τοῦ
2300 3410 2624 3474 θεολογικω-
2645 3424 2690 3459 ⁸⁶

457 3500 621 3551 τὰτου
673 3500 703 3550 Γ
719 3498 1041 3563 ρηγορίου
1091 3498 1334 3562 λέγουςιν
1384 3497 1525 3552 εἶναι
1569 3496 1628 3549 τὸ
1675 3493 1917 3559 πόνημα,
1972 3495 2034 3549 ὃς
2080 3494 2180 3549 κάν
2225 3493 2403 3564 τούτῳ
2450 3493 2625 3550 θέλων

457 3582 702 3649 ἄρχεςθαι
750 3582 878 3635 τοὺς
917 3581 1294 3648 εἰςαγομένους
1332 3583 1405 3636 εἰς
1441 3583 1536 3647 τὴν
1573 3580 1789 3646 γραφὴν
1828 3578 1920 3631 ἀπ’
1956 3578 2122 3633 αὐτοῦ
2161 3582 2288 3632 θεοῦ
2325 3580 2456 3632 τοὺς
2490 3579 2624 3634 κατὰ

457 3672 721 3735 ςτοιχεῖον
742 3667 959 3734 ἰάμβους
977 3668 1187 3722 ἐπόδιςε
1201 3669 1450 3737 (ἐπόνηςε
1461 3664 1586 3719 Vat.
1603 3663 1675 3731 Η)
1688 3665 1784 3718 τὸν
1809 3663 1921 3717 καθ’
1939 3663 2160 3718 ἕκαςτον
2182 3662 2379 3719 οἰκείαν
2401 3663 2622 3719 ἔννοιαν

457 3755 829 3819 ἀπαρτίζοντα.
904 3752 1018 3806 εἶτα
1065 3754 1148 3805 καὶ
1185 3756 1308 3819 περὶ
1344 3754 1663 3821 προςῳδιῶν
1702 3749 1977 3816 διέλαβεν,
2024 3748 2392 3815 ἀπαριθμήςας
2427 3748 2622 3805 ταύτας

457 3842 540 3892 καὶ
567 3838 833 3904 διαιρήςας
860 3838 1169 3909 (ἀριθμήςας
1195 3836 1271 3906 H)
1310 3839 1395 3892 καὶ
1419 3835 1551 3890 κατὰ
1576 3835 1672 3900 τὴν
1698 3837 1808 3888 τῶν
1843 3833 2202 3900 εἰςαγομένων
2241 3833 2465 3900 δύναμιν
2503 3849 2620 3897 ςυγ-
2642 3847 2688 3881 ιο

457 3924 820 3989 γραψάμενος.
879 3922 1193 3991 quibuscum
1220 3921 1543 3975 conferenda
1569 3935 1702 3988 quae
1743 3917 1796 3970 in
1840 3917 2081 3987 margine
2107 3916 2339 3971 Parisini
2374 3915 2518 3971 2542
2552 3915 2620 3971 ad

463 4009 643 4072 ἐ’τερός
670 4025 745 4061 τις
772 4006 979 4060 adiecta
1005 4010 1152 4059 sunt:
1189 4009 1287 4060 τὸν
1314 4004 1640 4071 ἀλεξανδρέα
1665 4002 1945 4057 αἰνίττεται
1972 4004 2283 4067 Θεοδόςιον,
2321 4004 2376 4056 et
2398 4017 2535 4071 quae
2557 4000 2616 4055 in

457 4091 773 4144 'l'aurinensi
794 4092 898 4144 261
941 4092 992 4160 (o
1016 4090 1042 4144 I
1067 4092 1160 4159 25)
1201 4091 1369 4144 f0169
1405 4090 1552 4144 nullo
1589 4086 1746 4139 titulo
1783 4087 2073 4155 praemisso
2100 4086 2379 4156 leguntur:
2417 4086 2450 4140 ὁ
2477 4086 2620 4157 Θρᾷξ
