<?xml version="1.0" encoding="UTF-8"?>
<!DOCTYPE html PUBLIC "-//W3C//DTD XHTML 1.0 Transitional//EN"
    "http://www.w3.org/TR/xhtml1/DTD/xhtml1-transitional.dtd">
<html xmlns="http://www.w3.org/1999/xhtml" xml:lang="en" lang="en">
 <head>
  <title>
</title>
<meta http-equiv="Content-Type" content="text/html;charset=utf-8" />
  <meta name='ocr-system' content='tesseract 3.04.00' />
  <meta name='ocr-capabilities' content='ocr_page ocr_carea ocr_par ocr_line ocrx_word'/>
</head>
<body>
  <div class='ocr_page' id='page_1' title='image "./dionysiithracisa00dionuoft_0069.png"; bbox 0 0 2814 4400; ppageno 0'>
   <div class='ocr_carea' id='block_1_1' title="bbox 844 246 2458 313">
    <p class='ocr_par' dir='ltr' id='par_1_1' title="bbox 844 246 2458 313">
     <span class='ocr_line' id='line_1_1' title="bbox 844 246 2458 313; baseline 0.004 -6"><span class='ocrx_word' id='word_1_1' title='bbox 844 263 923 309; x_wconf 80' lang='lat' dir='ltr'>DE</span> <span class='ocrx_word' id='word_1_2' title='bbox 955 264 1526 310; x_wconf 77' lang='lat' dir='ltr'>INTERPRETATIONE</span> <span class='ocrx_word' id='word_1_3' title='bbox 1558 266 1915 312; x_wconf 80' lang='lat' dir='ltr'>ARMENIACA</span> <span class='ocrx_word' id='word_1_4' title='bbox 2303 246 2458 313; x_wconf 52' lang='lat' dir='ltr'>LXIX&#39;</span> 
     </span>
    </p>
   </div>
   <div class='ocr_carea' id='block_1_2' title="bbox 254 391 2446 1139">
    <p class='ocr_par' dir='ltr' id='par_1_2' title="bbox 254 391 2446 1139">
     <span class='ocr_line' id='line_1_2' title="bbox 300 391 2446 464; baseline 0.001 -18"><span class='ocrx_word' id='word_1_5' title='bbox 300 394 392 446; x_wconf 84' lang='lat' dir='ltr'>uhi</span> <span class='ocrx_word' id='word_1_6' title='bbox 439 393 772 445; x_wconf 82' lang='lat' dir='ltr'>armeniacae</span> <span class='ocrx_word' id='word_1_7' title='bbox 818 392 1035 461; x_wconf 86' lang='lat' dir='ltr'>linguae</span> <span class='ocrx_word' id='word_1_8' title='bbox 1079 392 1196 460; x_wconf 87' lang='lat' dir='ltr'>lege</span> <span class='ocrx_word' id='word_1_9' title='bbox 1244 393 1297 444; x_wconf 91' lang='lat' dir='ltr'>et</span> <span class='ocrx_word' id='word_1_10' title='bbox 1341 391 1519 444; x_wconf 92' lang='lat' dir='ltr'>indole</span> <span class='ocrx_word' id='word_1_11' title='bbox 1555 411 1667 445; x_wconf 93' lang='lat' dir='ltr'>non</span> <span class='ocrx_word' id='word_1_12' title='bbox 1704 396 1996 463; x_wconf 78' lang='lat' dir='ltr'>perspectis</span> <span class='ocrx_word' id='word_1_13' title='bbox 2035 395 2161 464; x_wconf 91' lang='lat' dir='ltr'>quid</span> <span class='ocrx_word' id='word_1_14' title='bbox 2200 413 2320 447; x_wconf 89' lang='lat' dir='ltr'>vere</span> <span class='ocrx_word' id='word_1_15' title='bbox 2358 397 2446 449; x_wconf 93' lang='lat' dir='ltr'>do-</span> 
     </span>
     <span class='ocr_line' id='line_1_3' title="bbox 300 477 2445 547; baseline 0.001 -17"><span class='ocrx_word' id='word_1_16' title='bbox 300 477 524 530; x_wconf 89' lang='lat' dir='ltr'>cendum</span> <span class='ocrx_word' id='word_1_17' title='bbox 564 481 703 530; x_wconf 88' lang='lat' dir='ltr'>esset</span> <span class='ocrx_word' id='word_1_18' title='bbox 740 477 1005 547; x_wconf 88' lang='lat' dir='ltr'>ignoravit</span> <span class='ocrx_word' id='word_1_19' title='bbox 1040 477 1328 544; x_wconf 77' lang='lat' dir='ltr'>interpreS,</span> <span class='ocrx_word' id='word_1_20' title='bbox 1367 494 1616 545; x_wconf 90' lang='lat' dir='ltr'>graecum</span> <span class='ocrx_word' id='word_1_21' title='bbox 1655 495 1805 529; x_wconf 85' lang='lat' dir='ltr'>usum</span> <span class='ocrx_word' id='word_1_22' title='bbox 1846 479 2076 532; x_wconf 77' lang='lat' dir='ltr'>obtrusit</span> <span class='ocrx_word' id='word_1_23' title='bbox 2112 482 2445 532; x_wconf 84' lang='lat' dir='ltr'>armeniacae</span> 
     </span>
     <span class='ocr_line' id='line_1_4' title="bbox 299 561 2446 634; baseline 0.001 -20"><span class='ocrx_word' id='word_1_24' title='bbox 299 562 538 632; x_wconf 82' lang='lat' dir='ltr'>linguae,</span> <span class='ocrx_word' id='word_1_25' title='bbox 579 563 654 614; x_wconf 90' lang='lat' dir='ltr'>ita</span> <span class='ocrx_word' id='word_1_26' title='bbox 692 567 751 614; x_wconf 90' lang='lat' dir='ltr'>ut</span> <span class='ocrx_word' id='word_1_27' title='bbox 788 562 1093 630; x_wconf 85' lang='lat' dir='ltr'>saepissime</span> <span class='ocrx_word' id='word_1_28' title='bbox 1132 561 1408 614; x_wconf 88' lang='lat' dir='ltr'>diiudicari</span> <span class='ocrx_word' id='word_1_29' title='bbox 1445 561 1644 629; x_wconf 82' lang='lat' dir='ltr'>possit,</span> <span class='ocrx_word' id='word_1_30' title='bbox 1687 563 1809 629; x_wconf 88' lang='lat' dir='ltr'>quid</span> <span class='ocrx_word' id='word_1_31' title='bbox 1850 582 2037 631; x_wconf 88' lang='lat' dir='ltr'>graece</span> <span class='ocrx_word' id='word_1_32' title='bbox 2075 565 2282 634; x_wconf 85' lang='lat' dir='ltr'>legerit.</span> <span class='ocrx_word' id='word_1_33' title='bbox 2344 564 2446 617; x_wconf 92' lang='lat' dir='ltr'>Vbi</span> 
     </span>
     <span class='ocr_line' id='line_1_5' title="bbox 298 644 2446 715; baseline 0.001 -17"><span class='ocrx_word' id='word_1_34' title='bbox 298 665 420 699; x_wconf 86' lang='lat' dir='ltr'>vero</span> <span class='ocrx_word' id='word_1_35' title='bbox 466 646 641 699; x_wconf 85' lang='lat' dir='ltr'>facere</span> <span class='ocrx_word' id='word_1_36' title='bbox 687 665 797 699; x_wconf 88' lang='lat' dir='ltr'>non</span> <span class='ocrx_word' id='word_1_37' title='bbox 844 645 1046 715; x_wconf 88' lang='lat' dir='ltr'>potuit,</span> <span class='ocrx_word' id='word_1_38' title='bbox 1103 646 1232 714; x_wconf 88' lang='lat' dir='ltr'>quin</span> <span class='ocrx_word' id='word_1_39' title='bbox 1281 664 1312 697; x_wconf 92' lang='lat' dir='ltr'>a</span> <span class='ocrx_word' id='word_1_40' title='bbox 1358 644 1615 714; x_wconf 88' lang='lat' dir='ltr'>Dionysio</span> <span class='ocrx_word' id='word_1_41' title='bbox 1665 663 1851 715; x_wconf 88' lang='lat' dir='ltr'>graeco</span> <span class='ocrx_word' id='word_1_42' title='bbox 1899 649 2188 712; x_wconf 77' lang='lat' dir='ltr'>recederet,</span> <span class='ocrx_word' id='word_1_43' title='bbox 2240 653 2446 702; x_wconf 87' lang='lat' dir='ltr'>servato</span> 
     </span>
     <span class='ocr_line' id='line_1_6' title="bbox 254 730 2445 786; baseline 0.002 -4"><span class='ocrx_word' id='word_1_44' title='bbox 254 743 275 775; x_wconf 86' lang='lat'>5</span> <span class='ocrx_word' id='word_1_45' title='bbox 296 731 460 783; x_wconf 88' lang='lat' dir='ltr'>totius</span> <span class='ocrx_word' id='word_1_46' title='bbox 518 732 776 783; x_wconf 90' lang='lat' dir='ltr'>orationis</span> <span class='ocrx_word' id='word_1_47' title='bbox 830 733 1015 782; x_wconf 91' lang='lat' dir='ltr'>tenore</span> <span class='ocrx_word' id='word_1_48' title='bbox 1076 730 1382 782; x_wconf 88' lang='lat' dir='ltr'>cautissime</span> <span class='ocrx_word' id='word_1_49' title='bbox 1442 748 1603 782; x_wconf 87' lang='lat' dir='ltr'>unam</span> <span class='ocrx_word' id='word_1_50' title='bbox 1658 730 1942 783; x_wconf 87' lang='lat' dir='ltr'>alteramve</span> <span class='ocrx_word' id='word_1_51' title='bbox 2000 736 2209 785; x_wconf 89' lang='lat' dir='ltr'>tantum</span> <span class='ocrx_word' id='word_1_52' title='bbox 2265 751 2445 786; x_wconf 88' lang='lat' dir='ltr'>vocem</span> 
     </span>
     <span class='ocr_line' id='line_1_7' title="bbox 296 814 1774 883; baseline -0.001 -16"><span class='ocrx_word' id='word_1_53' title='bbox 296 818 654 868; x_wconf 89' lang='lat' dir='ltr'>commutavit.</span> <span class='ocrx_word' id='word_1_54' title='bbox 731 815 900 877; x_wconf 79' lang='lat' dir='ltr'>Quam</span> <span class='ocrx_word' id='word_1_55' title='bbox 937 831 1047 866; x_wconf 91' lang='lat' dir='ltr'>rem</span> <span class='ocrx_word' id='word_1_56' title='bbox 1087 814 1341 883; x_wconf 86' lang='lat' dir='ltr'>exemplis</span> <span class='ocrx_word' id='word_1_57' title='bbox 1377 815 1774 867; x_wconf 76' lang='lat' dir='ltr'>illustrabimuS.</span> 
     </span>
     <span class='ocr_line' id='line_1_8' title="bbox 435 899 2446 971; baseline 0.001 -19"><span class='ocrx_word' id='word_1_58' title='bbox 435 900 624 952; x_wconf 83' lang='lat' dir='ltr'>Graeci</span> <span class='ocrx_word' id='word_1_59' title='bbox 662 900 854 968; x_wconf 82' lang='lat' dir='ltr'>viginti</span> <span class='ocrx_word' id='word_1_60' title='bbox 888 901 1113 968; x_wconf 87' lang='lat' dir='ltr'>quatuor</span> <span class='ocrx_word' id='word_1_61' title='bbox 1138 899 1330 951; x_wconf 91' lang='lat' dir='ltr'>litteris</span> <span class='ocrx_word' id='word_1_62' title='bbox 1357 902 1595 964; x_wconf 88' lang='lat' dir='ltr'>utuntur,</span> <span class='ocrx_word' id='word_1_63' title='bbox 1637 900 1896 967; x_wconf 84' lang='lat' dir='ltr'>Armenii,</span> <span class='ocrx_word' id='word_1_64' title='bbox 1935 901 2024 968; x_wconf 89' lang='lat' dir='ltr'>qui</span> <span class='ocrx_word' id='word_1_65' title='bbox 2051 919 2193 954; x_wconf 90' lang='lat' dir='ltr'>nunc</span> <span class='ocrx_word' id='word_1_66' title='bbox 2219 902 2446 971; x_wconf 89' lang='lat' dir='ltr'>triginta</span> 
     </span>
     <span class='ocr_line' id='line_1_9' title="bbox 292 983 2443 1054; baseline 0.001 -18"><span class='ocrx_word' id='word_1_67' title='bbox 292 989 410 1036; x_wconf 86' lang='lat' dir='ltr'>octo</span> <span class='ocrx_word' id='word_1_68' title='bbox 448 985 662 1052; x_wconf 90' lang='lat' dir='ltr'>habent,</span> <span class='ocrx_word' id='word_1_69' title='bbox 699 985 793 1037; x_wconf 91' lang='lat' dir='ltr'>illo</span> <span class='ocrx_word' id='word_1_70' title='bbox 830 987 1067 1052; x_wconf 89' lang='lat' dir='ltr'>tempore</span> <span class='ocrx_word' id='word_1_71' title='bbox 1103 983 1331 1052; x_wconf 90' lang='lat' dir='ltr'>triginta</span> <span class='ocrx_word' id='word_1_72' title='bbox 1368 1001 1458 1036; x_wconf 88' lang='lat' dir='ltr'>sex</span> <span class='ocrx_word' id='word_1_73' title='bbox 1495 984 1798 1035; x_wconf 88' lang='lat' dir='ltr'>utebantur.</span> <span class='ocrx_word' id='word_1_74' title='bbox 1880 983 1989 1036; x_wconf 90' lang='lat' dir='ltr'>lam</span> <span class='ocrx_word' id='word_1_75' title='bbox 2028 985 2144 1038; x_wconf 88' lang='lat' dir='ltr'>vide</span> <span class='ocrx_word' id='word_1_76' title='bbox 2184 986 2443 1054; x_wconf 91' lang='lat' dir='ltr'>quomodo</span> 
     </span>
     <span class='ocr_line' id='line_1_10' title="bbox 293 1070 808 1139; baseline -0.004 -17"><span class='ocrx_word' id='word_1_77' title='bbox 293 1070 462 1139; x_wconf 90' lang='lat' dir='ltr'>egerit</span> <span class='ocrx_word' id='word_1_78' title='bbox 499 1070 808 1122; x_wconf 88' lang='lat' dir='ltr'>Armenius:</span> 
     </span>
    </p>
   </div>
   <div class='ocr_carea' id='block_1_3' title="bbox 228 1210 2299 1452">
    <p class='ocr_par' dir='ltr' id='par_1_3' title="bbox 228 1210 2299 1452">
     <span class='ocr_line' id='line_1_11' title="bbox 228 1210 2275 1277; baseline -0 -13"><span class='ocrx_word' id='word_1_79' title='bbox 228 1225 268 1256; x_wconf 86' lang='lat'>10</span> <span class='ocrx_word' id='word_1_80' title='bbox 443 1213 474 1264; x_wconf 89' lang='grc' dir='ltr'>Γ</span> <span class='ocrx_word' id='word_1_81' title='bbox 476 1212 717 1277; x_wconf 89' lang='grc' dir='ltr'>ράμματά</span> <span class='ocrx_word' id='word_1_82' title='bbox 753 1210 890 1264; x_wconf 72' lang='grc' dir='ltr'>ἐςτιν</span> <span class='ocrx_word' id='word_1_83' title='bbox 999 1210 1396 1276; x_wconf 75' lang='grc' dir='ltr'>εἰκοεατέεεαρα</span> <span class='ocrx_word' id='word_1_84' title='bbox 1467 1210 1574 1264; x_wconf 90' lang='grc' dir='ltr'>ἀπὸ</span> <span class='ocrx_word' id='word_1_85' title='bbox 1612 1214 1708 1264; x_wconf 83' lang='grc' dir='ltr'>τοῦ</span> <span class='ocrx_word' id='word_1_86' title='bbox 1748 1214 1782 1264; x_wconf 86' lang='grc' dir='ltr'>ἇ</span> <span class='ocrx_word' id='word_1_87' title='bbox 1854 1213 2003 1277; x_wconf 80' lang='grc' dir='ltr'>μέχρι</span> <span class='ocrx_word' id='word_1_88' title='bbox 2073 1214 2172 1264; x_wconf 85' lang='grc' dir='ltr'>τοῦ</span> <span class='ocrx_word' id='word_1_89' title='bbox 2210 1215 2275 1264; x_wconf 69' lang='grc' dir='ltr'>ὦ.</span> 
     </span>
     <span class='ocr_line' id='line_1_12' title="bbox 540 1290 2299 1365; baseline 0 -17"><span class='ocrx_word' id='word_1_90' title='bbox 540 1295 624 1348; x_wconf 72' lang='lat' dir='ltr'>kir</span> <span class='ocrx_word' id='word_1_91' title='bbox 800 1305 828 1348; x_wconf 74' lang='grc' dir='ltr'><em>ἑ</em></span> <span class='ocrx_word' id='word_1_92' title='bbox 931 1295 1190 1364; x_wconf 47' lang='grc' dir='ltr'>φ-Σςνζῶοαπ</span> <span class='ocrx_word' id='word_1_93' title='bbox 1223 1298 1301 1349; x_wconf 79' lang='lat' dir='ltr'>iev</span> <span class='ocrx_word' id='word_1_94' title='bbox 1337 1298 1480 1363; x_wconf 56' lang='lat' dir='ltr'>usi-6&amp;</span> <span class='ocrx_word' id='word_1_95' title='bbox 1524 1328 1546 1337; x_wconf 90' lang='lat'><em>-</em></span> <span class='ocrx_word' id='word_1_96' title='bbox 1619 1296 1779 1365; x_wconf 54' lang='lat' dir='ltr'>Rajre</span> <span class='ocrx_word' id='word_1_97' title='bbox 1815 1290 2032 1363; x_wconf 50' lang='lat' dir='ltr'>nimbi-ev</span> <span class='ocrx_word' id='word_1_98' title='bbox 2104 1301 2150 1361; x_wconf 50' lang='lat' dir='ltr'>{s</span> <span class='ocrx_word' id='word_1_99' title='bbox 2208 1296 2299 1349; x_wconf 62' lang='lat' dir='ltr'>kh&amp;</span> 
     </span>
     <span class='ocr_line' id='line_1_13' title="bbox 451 1379 2270 1452; baseline 0.002 -21"><span class='ocrx_word' id='word_1_100' title='bbox 451 1379 653 1432; x_wconf 84' lang='lat' dir='ltr'>Littera</span> <span class='ocrx_word' id='word_1_101' title='bbox 776 1384 856 1432; x_wconf 89' lang='lat' dir='ltr'>est</span> <span class='ocrx_word' id='word_1_102' title='bbox 996 1381 1223 1449; x_wconf 89' lang='lat' dir='ltr'>triginta</span> <span class='ocrx_word' id='word_1_103' title='bbox 1269 1386 1323 1433; x_wconf 89' lang='lat' dir='ltr'>et</span> <span class='ocrx_word' id='word_1_104' title='bbox 1360 1399 1450 1433; x_wconf 87' lang='lat' dir='ltr'>sex</span> <span class='ocrx_word' id='word_1_105' title='bbox 1524 1413 1542 1421; x_wconf 92' lang='lat'><em>-</em></span> <span class='ocrx_word' id='word_1_106' title='bbox 1625 1383 1691 1435; x_wconf 87' lang='lat' dir='ltr'>ab</span> <span class='ocrx_word' id='word_1_107' title='bbox 1731 1401 1761 1434; x_wconf 91' lang='lat' dir='ltr'>a</span> <span class='ocrx_word' id='word_1_108' title='bbox 1837 1400 1998 1452; x_wconf 87' lang='lat' dir='ltr'>usque</span> <span class='ocrx_word' id='word_1_109' title='bbox 2086 1382 2151 1433; x_wconf 90' lang='lat' dir='ltr'>ad</span> <span class='ocrx_word' id='word_1_110' title='bbox 2191 1382 2270 1446; x_wconf 68' lang='lat' dir='ltr'>ch.</span> 
     </span>
    </p>
   </div>
   <div class='ocr_carea' id='block_1_4' title="bbox 428 1521 1655 1591">
    <p class='ocr_par' dir='ltr' id='par_1_4' title="bbox 428 1521 1655 1591">
     <span class='ocr_line' id='line_1_14' title="bbox 428 1521 1655 1591; baseline 0.002 -18"><span class='ocrx_word' id='word_1_111' title='bbox 428 1521 597 1574; x_wconf 84' lang='lat' dir='ltr'>Simili</span> <span class='ocrx_word' id='word_1_112' title='bbox 637 1521 790 1574; x_wconf 90' lang='lat' dir='ltr'>modo</span> <span class='ocrx_word' id='word_1_113' title='bbox 829 1522 892 1573; x_wconf 92' lang='lat' dir='ltr'>de</span> <span class='ocrx_word' id='word_1_114' title='bbox 929 1522 1198 1574; x_wconf 88' lang='lat' dir='ltr'>vocalibus</span> <span class='ocrx_word' id='word_1_115' title='bbox 1236 1522 1459 1591; x_wconf 89' lang='lat' dir='ltr'>loquens</span> <span class='ocrx_word' id='word_1_116' title='bbox 1496 1523 1655 1576; x_wconf 81' lang='lat' dir='ltr'>dixit:</span> 
     </span>
    </p>
   </div>
   <div class='ocr_carea' id='block_1_5' title="bbox 220 1663 2248 1902">
    <p class='ocr_par' dir='ltr' id='par_1_5' title="bbox 220 1663 2248 1902">
     <span class='ocr_line' id='line_1_15' title="bbox 532 1663 2201 1730; baseline 0 -12"><span class='ocrx_word' id='word_1_117' title='bbox 532 1665 754 1718; x_wconf 85' lang='grc' dir='ltr'>Τούτων</span> <span class='ocrx_word' id='word_1_118' title='bbox 828 1664 1117 1730; x_wconf 85' lang='grc' dir='ltr'>φωνήεντα</span> <span class='ocrx_word' id='word_1_119' title='bbox 1163 1663 1290 1728; x_wconf 74' lang='grc' dir='ltr'>*μέν</span> <span class='ocrx_word' id='word_1_120' title='bbox 1342 1665 1477 1718; x_wconf 73' lang='grc' dir='ltr'>ἐςτιν</span> <span class='ocrx_word' id='word_1_121' title='bbox 1514 1666 1647 1718; x_wconf 85' lang='grc' dir='ltr'>ἑπτὰ</span> <span class='ocrx_word' id='word_1_122' title='bbox 1685 1684 1718 1718; x_wconf 90' lang='grc' dir='ltr'>α</span> <span class='ocrx_word' id='word_1_123' title='bbox 1755 1684 1780 1718; x_wconf 88' lang='grc' dir='ltr'>ε</span> <span class='ocrx_word' id='word_1_124' title='bbox 1818 1684 1849 1730; x_wconf 91' lang='grc' dir='ltr'>η</span> <span class='ocrx_word' id='word_1_125' title='bbox 1888 1696 1909 1704; x_wconf 92' lang='grc'>-</span> <span class='ocrx_word' id='word_1_126' title='bbox 1946 1670 1964 1720; x_wconf 87' lang='grc' dir='ltr'>ἰ</span> <span class='ocrx_word' id='word_1_127' title='bbox 2002 1684 2033 1718; x_wconf 94' lang='grc'>0</span> <span class='ocrx_word' id='word_1_128' title='bbox 2071 1685 2101 1719; x_wconf 89' lang='grc' dir='ltr'>υ</span> <span class='ocrx_word' id='word_1_129' title='bbox 2157 1684 2201 1718; x_wconf 88' lang='grc' dir='ltr'>ω</span> 
     </span>
     <span class='ocr_line' id='line_1_16' title="bbox 220 1748 2228 1816; baseline -0.001 -13"><span class='ocrx_word' id='word_1_130' title='bbox 220 1762 262 1792; x_wconf 80' lang='lat'>1⁵</span> <span class='ocrx_word' id='word_1_131' title='bbox 487 1749 611 1803; x_wconf 66' lang='lat' dir='ltr'>*Iev</span> <span class='ocrx_word' id='word_1_132' title='bbox 646 1751 786 1802; x_wconf 75' lang='lat' dir='ltr'>sotsa</span> <span class='ocrx_word' id='word_1_133' title='bbox 881 1749 1222 1816; x_wconf 60' lang='lat' dir='ltr'>tzajnauorc—la</span> <span class='ocrx_word' id='word_1_134' title='bbox 1364 1748 1449 1801; x_wconf 74' lang='lat' dir='ltr'>ien</span> <span class='ocrx_word' id='word_1_135' title='bbox 1504 1751 1664 1802; x_wconf 72' lang='lat' dir='ltr'>outhn</span> <span class='ocrx_word' id='word_1_136' title='bbox 1689 1768 1724 1802; x_wconf 83' lang='lat' dir='ltr'>a</span> <span class='ocrx_word' id='word_1_137' title='bbox 1760 1768 1786 1802; x_wconf 81' lang='lat' dir='ltr'>e</span> <span class='ocrx_word' id='word_1_138' title='bbox 1821 1757 1848 1801; x_wconf 70' lang='grc' dir='ltr'>(Ξ</span> <span class='ocrx_word' id='word_1_139' title='bbox 1884 1753 1915 1802; x_wconf 74' lang='grc' dir='ltr'><strong><em>ἔ</em></strong></span> <span class='ocrx_word' id='word_1_140' title='bbox 1945 1752 1966 1802; x_wconf 78' lang='lat' dir='ltr'>i</span> <span class='ocrx_word' id='word_1_141' title='bbox 2002 1767 2030 1803; x_wconf 90' lang='lat' dir='ltr'>o</span> <span class='ocrx_word' id='word_1_142' title='bbox 2067 1769 2105 1802; x_wconf 79' lang='lat' dir='ltr'><strong><em>u</em></strong></span> <span class='ocrx_word' id='word_1_143' title='bbox 2151 1766 2228 1802; x_wconf 88' lang='lat' dir='ltr'>ow</span> 
     </span>
     <span class='ocr_line' id='line_1_17' title="bbox 491 1833 2248 1902; baseline -0.001 -16"><span class='ocrx_word' id='word_1_144' title='bbox 491 1833 564 1886; x_wconf 89' lang='lat' dir='ltr'>Et</span> <span class='ocrx_word' id='word_1_145' title='bbox 600 1834 787 1885; x_wconf 89' lang='lat' dir='ltr'>horum</span> <span class='ocrx_word' id='word_1_146' title='bbox 939 1833 1146 1885; x_wconf 90' lang='lat' dir='ltr'>vocales</span> <span class='ocrx_word' id='word_1_147' title='bbox 1347 1838 1473 1886; x_wconf 87' lang='lat' dir='ltr'>sunt</span> <span class='ocrx_word' id='word_1_148' title='bbox 1532 1838 1649 1886; x_wconf 92' lang='lat' dir='ltr'>octo</span> <span class='ocrx_word' id='word_1_149' title='bbox 1689 1853 1719 1885; x_wconf 94' lang='lat' dir='ltr'>a</span> <span class='ocrx_word' id='word_1_150' title='bbox 1757 1853 1784 1886; x_wconf 90' lang='lat' dir='ltr'>e</span> <span class='ocrx_word' id='word_1_151' title='bbox 1821 1841 1850 1886; x_wconf 72' lang='lat' dir='ltr'>e</span> <span class='ocrx_word' id='word_1_152' title='bbox 1888 1835 1916 1886; x_wconf 72' lang='lat' dir='ltr'>e</span> <span class='ocrx_word' id='word_1_153' title='bbox 1951 1836 1970 1886; x_wconf 90' lang='lat' dir='ltr'>i</span> <span class='ocrx_word' id='word_1_154' title='bbox 2008 1853 2053 1902; x_wconf 47' lang='lat' dir='ltr'>o·</span> <span class='ocrx_word' id='word_1_155' title='bbox 2078 1853 2111 1886; x_wconf 93' lang='lat' dir='ltr'>u</span> <span class='ocrx_word' id='word_1_156' title='bbox 2149 1851 2248 1886; x_wconf 83' lang='lat' dir='ltr'>ow,</span> 
     </span>
    </p>
   </div>
   <div class='ocr_carea' id='block_1_6' title="bbox 215 1973 2435 2554">
    <p class='ocr_par' dir='ltr' id='par_1_6' title="bbox 280 1973 2435 2214">
     <span class='ocr_line' id='line_1_18' title="bbox 421 1973 2435 2045; baseline -0 -18"><span class='ocrx_word' id='word_1_157' title='bbox 421 1975 599 2045; x_wconf 88' lang='lat' dir='ltr'>Atque</span> <span class='ocrx_word' id='word_1_158' title='bbox 646 1974 746 2027; x_wconf 91' lang='lat' dir='ltr'>hoc</span> <span class='ocrx_word' id='word_1_159' title='bbox 792 1973 1089 2042; x_wconf 89' lang='lat' dir='ltr'>exemplum</span> <span class='ocrx_word' id='word_1_160' title='bbox 1138 1974 1477 2027; x_wconf 89' lang='lat' dir='ltr'>utilissimum</span> <span class='ocrx_word' id='word_1_161' title='bbox 1516 1979 1620 2028; x_wconf 90' lang='lat' dir='ltr'>est:</span> <span class='ocrx_word' id='word_1_162' title='bbox 1668 1994 1792 2028; x_wconf 89' lang='lat' dir='ltr'>nam</span> <span class='ocrx_word' id='word_1_163' title='bbox 1839 1979 2058 2045; x_wconf 90' lang='lat' dir='ltr'>propter</span> <span class='ocrx_word' id='word_1_164' title='bbox 2104 1975 2435 2028; x_wconf 86' lang='lat' dir='ltr'>armeniacae</span> 
     </span>
     <span class='ocr_line' id='line_1_19' title="bbox 281 2059 2435 2130; baseline 0 -20"><span class='ocrx_word' id='word_1_165' title='bbox 281 2060 494 2128; x_wconf 84' lang='lat' dir='ltr'>linguae</span> <span class='ocrx_word' id='word_1_166' title='bbox 532 2078 682 2112; x_wconf 90' lang='lat' dir='ltr'>usum</span> <span class='ocrx_word' id='word_1_167' title='bbox 720 2059 945 2111; x_wconf 88' lang='lat' dir='ltr'>inseruit</span> <span class='ocrx_word' id='word_1_168' title='bbox 981 2059 1252 2111; x_wconf 86' lang='lat' dir='ltr'>vocalibus</span> <span class='ocrx_word' id='word_1_169' title='bbox 1289 2061 1339 2124; x_wconf 73' lang='grc' dir='ltr'>ἔ,</span> <span class='ocrx_word' id='word_1_170' title='bbox 1387 2078 1490 2128; x_wconf 82' lang='lat' dir='ltr'>quo</span> <span class='ocrx_word' id='word_1_171' title='bbox 1527 2060 1713 2113; x_wconf 80' lang='lat' dir='ltr'>Graeci</span> <span class='ocrx_word' id='word_1_172' title='bbox 1756 2066 1960 2130; x_wconf 87' lang='lat' dir='ltr'>carent,</span> <span class='ocrx_word' id='word_1_173' title='bbox 2000 2065 2055 2113; x_wconf 90' lang='lat' dir='ltr'>at</span> <span class='ocrx_word' id='word_1_174' title='bbox 2094 2078 2213 2112; x_wconf 91' lang='lat' dir='ltr'>cum</span> <span class='ocrx_word' id='word_1_175' title='bbox 2248 2077 2435 2128; x_wconf 88' lang='lat' dir='ltr'>graece</span> 
     </span>
     <span class='ocr_line' id='line_1_20' title="bbox 280 2144 2433 2214; baseline 0 -18"><span class='ocrx_word' id='word_1_176' title='bbox 280 2145 543 2197; x_wconf 86' lang='lat' dir='ltr'>scribatur</span> <span class='ocrx_word' id='word_1_177' title='bbox 582 2165 642 2211; x_wconf 85' lang='grc' dir='ltr'>ω,</span> <span class='ocrx_word' id='word_1_178' title='bbox 682 2146 821 2214; x_wconf 92' lang='lat' dir='ltr'>quod</span> <span class='ocrx_word' id='word_1_179' title='bbox 860 2144 1102 2196; x_wconf 89' lang='lat' dir='ltr'>Armenii</span> <span class='ocrx_word' id='word_1_180' title='bbox 1138 2161 1247 2196; x_wconf 83' lang='lat' dir='ltr'>non</span> <span class='ocrx_word' id='word_1_181' title='bbox 1285 2144 1500 2212; x_wconf 89' lang='lat' dir='ltr'>habent,</span> <span class='ocrx_word' id='word_1_182' title='bbox 1542 2148 1847 2214; x_wconf 88' lang='lat' dir='ltr'>compositis</span> <span class='ocrx_word' id='word_1_183' title='bbox 1885 2146 2080 2197; x_wconf 89' lang='lat' dir='ltr'>litteris</span> <span class='ocrx_word' id='word_1_184' title='bbox 2118 2162 2146 2198; x_wconf 89' lang='grc' dir='ltr'><em>ο</em></span> <span class='ocrx_word' id='word_1_185' title='bbox 2185 2148 2238 2197; x_wconf 89' lang='lat' dir='ltr'>et</span> <span class='ocrx_word' id='word_1_186' title='bbox 2261 2162 2309 2196; x_wconf 86' lang='lat' dir='ltr'><em>w</em></span> <span class='ocrx_word' id='word_1_187' title='bbox 2346 2162 2433 2196; x_wconf 88' lang='lat' dir='ltr'>vo-</span> 
     </span>
    </p>

    <p class='ocr_par' dir='ltr' id='par_1_7' title="bbox 215 2228 2435 2554">
     <span class='ocr_line' id='line_1_21' title="bbox 215 2228 2435 2299; baseline 0 -17"><span class='ocrx_word' id='word_1_188' title='bbox 215 2241 257 2272; x_wconf 83' lang='lat'>20</span> <span class='ocrx_word' id='word_1_189' title='bbox 279 2230 446 2283; x_wconf 90' lang='lat' dir='ltr'>calem</span> <span class='ocrx_word' id='word_1_190' title='bbox 483 2231 657 2297; x_wconf 85' lang='lat' dir='ltr'>finxit,</span> <span class='ocrx_word' id='word_1_191' title='bbox 698 2248 831 2299; x_wconf 88' lang='lat' dir='ltr'>quae</span> <span class='ocrx_word' id='word_1_192' title='bbox 869 2230 926 2280; x_wconf 93' lang='lat' dir='ltr'>in</span> <span class='ocrx_word' id='word_1_193' title='bbox 964 2228 1231 2281; x_wconf 91' lang='lat' dir='ltr'>vocabulis</span> <span class='ocrx_word' id='word_1_194' title='bbox 1268 2231 1475 2298; x_wconf 87' lang='lat' dir='ltr'>graecis</span> <span class='ocrx_word' id='word_1_195' title='bbox 1503 2234 1711 2282; x_wconf 88' lang='lat' dir='ltr'>tantum</span> <span class='ocrx_word' id='word_1_196' title='bbox 1747 2230 2042 2283; x_wconf 85' lang='lat' dir='ltr'>adhibetur.</span> <span class='ocrx_word' id='word_1_197' title='bbox 2118 2229 2229 2281; x_wconf 89' lang='lat' dir='ltr'>Nec</span> <span class='ocrx_word' id='word_1_198' title='bbox 2261 2230 2435 2282; x_wconf 89' lang='lat' dir='ltr'>minus</span> 
     </span>
     <span class='ocr_line' id='line_1_22' title="bbox 277 2314 2434 2383; baseline 0 -16"><span class='ocrx_word' id='word_1_199' title='bbox 277 2315 457 2367; x_wconf 87' lang='lat' dir='ltr'>valent</span> <span class='ocrx_word' id='word_1_200' title='bbox 502 2316 566 2368; x_wconf 90' lang='lat' dir='ltr'>ad</span> <span class='ocrx_word' id='word_1_201' title='bbox 614 2314 985 2366; x_wconf 86' lang='lat' dir='ltr'>illustrandam</span> <span class='ocrx_word' id='word_1_202' title='bbox 1032 2314 1321 2381; x_wconf 89' lang='lat' dir='ltr'>rationem,</span> <span class='ocrx_word' id='word_1_203' title='bbox 1372 2332 1528 2383; x_wconf 88' lang='lat' dir='ltr'>quam</span> <span class='ocrx_word' id='word_1_204' title='bbox 1578 2319 1785 2368; x_wconf 89' lang='lat' dir='ltr'>secutus</span> <span class='ocrx_word' id='word_1_205' title='bbox 1833 2320 1913 2368; x_wconf 89' lang='lat' dir='ltr'>est</span> <span class='ocrx_word' id='word_1_206' title='bbox 1970 2316 2059 2367; x_wconf 91' lang='lat' dir='ltr'>ubi</span> <span class='ocrx_word' id='word_1_207' title='bbox 2106 2315 2434 2367; x_wconf 89' lang='lat' dir='ltr'>armeniacus</span> 
     </span>
     <span class='ocr_line' id='line_1_23' title="bbox 278 2398 2429 2470; baseline -0 -18"><span class='ocrx_word' id='word_1_208' title='bbox 278 2419 401 2453; x_wconf 89' lang='lat' dir='ltr'>usus</span> <span class='ocrx_word' id='word_1_209' title='bbox 439 2420 472 2453; x_wconf 91' lang='lat' dir='ltr'>a</span> <span class='ocrx_word' id='word_1_210' title='bbox 507 2417 699 2470; x_wconf 89' lang='lat' dir='ltr'>graeco</span> <span class='ocrx_word' id='word_1_211' title='bbox 747 2398 968 2466; x_wconf 84' lang='lat' dir='ltr'>recedit,</span> <span class='ocrx_word' id='word_1_212' title='bbox 1020 2398 1113 2449; x_wconf 90' lang='lat' dir='ltr'>illa</span> <span class='ocrx_word' id='word_1_213' title='bbox 1162 2417 1295 2466; x_wconf 91' lang='lat' dir='ltr'>quae</span> <span class='ocrx_word' id='word_1_214' title='bbox 1344 2399 1410 2450; x_wconf 88' lang='lat' dir='ltr'>de</span> <span class='ocrx_word' id='word_1_215' title='bbox 1455 2402 1513 2453; x_wconf 76' lang='lat' dir='ltr'>iu</span> <span class='ocrx_word' id='word_1_216' title='bbox 1561 2400 1924 2470; x_wconf 77' lang='lat' dir='ltr'>diphthongo,</span> <span class='ocrx_word' id='word_1_217' title='bbox 1968 2419 2124 2470; x_wconf 90' lang='lat' dir='ltr'>quam</span> <span class='ocrx_word' id='word_1_218' title='bbox 2163 2401 2220 2451; x_wconf 91' lang='lat' dir='ltr'>in</span> <span class='ocrx_word' id='word_1_219' title='bbox 2258 2400 2429 2452; x_wconf 90' lang='lat' dir='ltr'>locum</span> 
     </span>
     <span class='ocr_line' id='line_1_24' title="bbox 276 2483 1502 2554; baseline -0.002 -17"><span class='ocrx_word' id='word_1_220' title='bbox 276 2503 496 2554; x_wconf 85' lang='lat' dir='ltr'>graecae</span> <span class='ocrx_word' id='word_1_221' title='bbox 535 2484 859 2553; x_wconf 90' lang='lat' dir='ltr'>diphthongi</span> <span class='ocrx_word' id='word_1_222' title='bbox 897 2502 947 2536; x_wconf 89' lang='grc' dir='ltr'>υι</span> <span class='ocrx_word' id='word_1_223' title='bbox 985 2483 1286 2552; x_wconf 88' lang='lat' dir='ltr'>substituit,</span> <span class='ocrx_word' id='word_1_224' title='bbox 1327 2485 1502 2537; x_wconf 83' lang='lat' dir='ltr'>docet:</span> 
     </span>
    </p>
   </div>
   <div class='ocr_carea' id='block_1_7' title="bbox 210 2639 2435 2881">
    <p class='ocr_par' dir='ltr' id='par_1_8' title="bbox 210 2639 2435 2881">
     <span class='ocr_line' id='line_1_25' title="bbox 278 2639 2364 2705; baseline 0 -11"><span class='ocrx_word' id='word_1_225' title='bbox 278 2642 370 2694; x_wconf 88' lang='grc' dir='ltr'>Καὶ</span> <span class='ocrx_word' id='word_1_226' title='bbox 404 2642 466 2694; x_wconf 88' lang='grc' dir='ltr'>τὸ</span> <span class='ocrx_word' id='word_1_227' title='bbox 505 2643 537 2693; x_wconf 76' lang='lat' dir='ltr'>U</span> <span class='ocrx_word' id='word_1_228' title='bbox 575 2643 632 2694; x_wconf 80' lang='grc' dir='ltr'>δὲ</span> <span class='ocrx_word' id='word_1_229' title='bbox 798 2639 971 2694; x_wconf 79' lang='grc' dir='ltr'>ἐνίοτε</span> <span class='ocrx_word' id='word_1_230' title='bbox 1184 2642 1537 2705; x_wconf 81' lang='grc' dir='ltr'>προτακτικὸν</span> <span class='ocrx_word' id='word_1_231' title='bbox 1715 2642 1819 2695; x_wconf 73' lang='grc' dir='ltr'>ἐστι</span> <span class='ocrx_word' id='word_1_232' title='bbox 1891 2645 1987 2694; x_wconf 83' lang='grc' dir='ltr'>τοῦ</span> <span class='ocrx_word' id='word_1_233' title='bbox 2128 2660 2144 2693; x_wconf 83' lang='grc' dir='ltr'>ι</span> <span class='ocrx_word' id='word_1_234' title='bbox 2289 2642 2364 2694; x_wconf 79' lang='grc' dir='ltr'>ὼε</span> 
     </span>
     <span class='ocr_line' id='line_1_26' title="bbox 210 2723 2435 2794; baseline -0 -15"><span class='ocrx_word' id='word_1_235' title='bbox 210 2736 251 2768; x_wconf 78' lang='lat'>25</span> <span class='ocrx_word' id='word_1_236' title='bbox 331 2726 425 2792; x_wconf 58' lang='grc' dir='ltr'>ζου</span> <span class='ocrx_word' id='word_1_237' title='bbox 484 2728 566 2779; x_wconf 67' lang='lat' dir='ltr'>im}</span> <span class='ocrx_word' id='word_1_238' title='bbox 669 2732 696 2775; x_wconf 71' lang='grc' dir='ltr'>(Ξ</span> <span class='ocrx_word' id='word_1_239' title='bbox 802 2723 987 2791; x_wconf 52' lang='lat' dir='ltr'>ouo-egl}</span> <span class='ocrx_word' id='word_1_240' title='bbox 1126 2726 1177 2778; x_wconf 71' lang='lat' dir='ltr'>zi</span> <span class='ocrx_word' id='word_1_241' title='bbox 1211 2725 1634 2794; x_wconf 72' lang='lat' dir='ltr'>wayhatasayan</span> <span class='ocrx_word' id='word_1_242' title='bbox 1745 2735 1771 2780; x_wconf 74' lang='grc' dir='ltr'><em>ἑ</em></span> <span class='ocrx_word' id='word_1_243' title='bbox 1848 2726 1985 2793; x_wconf 56' lang='lat' dir='ltr'>chan</span> <span class='ocrx_word' id='word_1_244' title='bbox 2029 2728 2212 2780; x_wconf 53' lang='lat' dir='ltr'>aschirim</span> <span class='ocrx_word' id='word_1_245' title='bbox 2257 2726 2435 2792; x_wconf 51' lang='lat' dir='ltr'>&amp;orbes</span> 
     </span>
     <span class='ocr_line' id='line_1_27' title="bbox 342 2799 2410 2881; baseline -0 -16"><span class='ocrx_word' id='word_1_246' title='bbox 342 2811 416 2865; x_wconf 86' lang='lat' dir='ltr'>Et</span> <span class='ocrx_word' id='word_1_247' title='bbox 521 2812 539 2862; x_wconf 91' lang='lat' dir='ltr'>i</span> <span class='ocrx_word' id='word_1_248' title='bbox 635 2814 716 2861; x_wconf 89' lang='lat' dir='ltr'>est</span> <span class='ocrx_word' id='word_1_249' title='bbox 749 2809 1039 2878; x_wconf 85' lang='lat' dir='ltr'>aliquando</span> <span class='ocrx_word' id='word_1_250' title='bbox 1079 2810 1216 2878; x_wconf 88' lang='lat' dir='ltr'>quod</span> <span class='ocrx_word' id='word_1_251' title='bbox 1253 2799 1669 2879; x_wconf 56' lang='lat' dir='ltr'>praepositivum</span> <span class='ocrx_word' id='word_1_252' title='bbox 1727 2815 1809 2864; x_wconf 89' lang='lat' dir='ltr'>est</span> <span class='ocrx_word' id='word_1_253' title='bbox 1855 2830 2014 2881; x_wconf 89' lang='lat' dir='ltr'>quam</span> <span class='ocrx_word' id='word_1_254' title='bbox 2123 2830 2156 2862; x_wconf 92' lang='lat' dir='ltr'>u</span> <span class='ocrx_word' id='word_1_255' title='bbox 2272 2812 2410 2864; x_wconf 89' lang='lat' dir='ltr'>sicut</span> 
     </span>
    </p>
   </div>
   <div class='ocr_carea' id='block_1_8' title="bbox 270 2948 1332 3176">
    <p class='ocr_par' dir='ltr' id='par_1_9' title="bbox 270 2948 1314 3176">
     <span class='ocr_line' id='line_1_28' title="bbox 273 2948 1306 3023; baseline -0.003 -16"><span class='ocrx_word' id='word_1_256' title='bbox 273 2955 331 3007; x_wconf 83' lang='grc' dir='ltr'>ἐν</span> <span class='ocrx_word' id='word_1_257' title='bbox 474 2959 551 3023; x_wconf 82' lang='grc' dir='ltr'>τῷ</span> <span class='ocrx_word' id='word_1_258' title='bbox 696 2955 822 3016; x_wconf 86' lang='grc' dir='ltr'>μυῖα</span> <span class='ocrx_word' id='word_1_259' title='bbox 894 2954 979 3005; x_wconf 85' lang='grc' dir='ltr'>καὶ</span> <span class='ocrx_word' id='word_1_260' title='bbox 1094 2948 1306 3017; x_wconf 86' lang='grc' dir='ltr'>ἅρπυια.</span> 
     </span>
     <span class='ocr_line' id='line_1_29' title="bbox 293 3006 1323 3104; baseline 0.002 -16"><span class='ocrx_word' id='word_1_261' title='bbox 293 3037 373 3088; x_wconf 76' lang='lat' dir='ltr'>h-</span> <span class='ocrx_word' id='word_1_262' title='bbox 398 3006 826 3104; x_wconf 67' lang='lat' dir='ltr'>imasdout—&#39;hiun-</span> <span class='ocrx_word' id='word_1_263' title='bbox 831 3041 851 3089; x_wconf 76' lang='lat' dir='ltr'>t</span> <span class='ocrx_word' id='word_1_264' title='bbox 884 3039 962 3091; x_wconf 75' lang='lat' dir='ltr'>iev</span> <span class='ocrx_word' id='word_1_265' title='bbox 1009 3037 1064 3089; x_wconf 77' lang='lat' dir='ltr'>h·</span> <span class='ocrx_word' id='word_1_266' title='bbox 1070 3041 1287 3091; x_wconf 76' lang='lat' dir='ltr'>artiun-</span> <span class='ocrx_word' id='word_1_267' title='bbox 1291 3041 1323 3090; x_wconf 77' lang='lat' dir='ltr'>t.</span> 
     </span>
     <span class='ocr_line' id='line_1_30' title="bbox 270 3123 1332 3176; baseline 0 -2"><span class='ocrx_word' id='word_1_268' title='bbox 270 3123 328 3175; x_wconf 91' lang='lat' dir='ltr'>in</span> <span class='ocrx_word' id='word_1_269' title='bbox 434 3123 828 3176; x_wconf 86' lang='lat' dir='ltr'>imasdouthiun</span> <span class='ocrx_word' id='word_1_270' title='bbox 901 3127 954 3176; x_wconf 89' lang='lat' dir='ltr'>et</span> <span class='ocrx_word' id='word_1_271' title='bbox 1048 3124 1105 3175; x_wconf 94' lang='lat' dir='ltr'>in</span> <span class='ocrx_word' id='word_1_272' title='bbox 1140 3125 1332 3176; x_wconf 90' lang='lat' dir='ltr'>artiun.</span> 
     </span>
    </p>
   </div>
   <div class='ocr_carea' id='block_1_9' title="bbox 204 3277 2426 4111">
    <p class='ocr_par' dir='ltr' id='par_1_10' title="bbox 205 3277 2426 3600">
     <span class='ocr_line' id='line_1_31' title="bbox 205 3277 2425 3348; baseline -0 -16"><span class='ocrx_word' id='word_1_273' title='bbox 205 3301 248 3333; x_wconf 85' lang='lat'>30</span> <span class='ocrx_word' id='word_1_274' title='bbox 411 3277 563 3331; x_wconf 92' lang='lat' dir='ltr'>Nihil</span> <span class='ocrx_word' id='word_1_275' title='bbox 611 3280 794 3348; x_wconf 89' lang='lat' dir='ltr'>habet,</span> <span class='ocrx_word' id='word_1_276' title='bbox 842 3280 982 3348; x_wconf 88' lang='lat' dir='ltr'>quod</span> <span class='ocrx_word' id='word_1_277' title='bbox 1037 3296 1230 3348; x_wconf 90' lang='lat' dir='ltr'>graeco</span> <span class='ocrx_word' id='word_1_278' title='bbox 1277 3297 1329 3332; x_wconf 87' lang='grc' dir='ltr'>υι</span> <span class='ocrx_word' id='word_1_279' title='bbox 1375 3279 1705 3346; x_wconf 87' lang='lat' dir='ltr'>aequiparari</span> <span class='ocrx_word' id='word_1_280' title='bbox 1752 3295 1908 3346; x_wconf 89' lang='lat' dir='ltr'>posse</span> <span class='ocrx_word' id='word_1_281' title='bbox 1949 3281 2186 3346; x_wconf 89' lang='lat' dir='ltr'>censeat,</span> <span class='ocrx_word' id='word_1_282' title='bbox 2244 3298 2425 3331; x_wconf 91' lang='lat' dir='ltr'>verum</span> 
     </span>
     <span class='ocr_line' id='line_1_32' title="bbox 268 3362 2426 3434; baseline 0 -19"><span class='ocrx_word' id='word_1_283' title='bbox 268 3363 617 3416; x_wconf 89' lang='lat' dir='ltr'>usitatissima</span> <span class='ocrx_word' id='word_1_284' title='bbox 664 3368 744 3416; x_wconf 80' lang='lat' dir='ltr'>es&#39;t</span> <span class='ocrx_word' id='word_1_285' title='bbox 794 3365 1108 3434; x_wconf 88' lang='lat' dir='ltr'>compositio</span> <span class='ocrx_word' id='word_1_286' title='bbox 1159 3363 1422 3417; x_wconf 88' lang='lat' dir='ltr'>vocalium</span> <span class='ocrx_word' id='word_1_287' title='bbox 1458 3364 1479 3415; x_wconf 65' lang='lat' dir='ltr'>z·</span> <span class='ocrx_word' id='word_1_288' title='bbox 1516 3366 1569 3414; x_wconf 89' lang='lat' dir='ltr'>et</span> <span class='ocrx_word' id='word_1_289' title='bbox 1602 3380 1667 3430; x_wconf 79' lang='lat' dir='ltr'>u,</span> <span class='ocrx_word' id='word_1_290' title='bbox 1719 3363 1900 3431; x_wconf 88' lang='lat' dir='ltr'>itaque</span> <span class='ocrx_word' id='word_1_291' title='bbox 1935 3362 2035 3415; x_wconf 93' lang='lat' dir='ltr'>hoc</span> <span class='ocrx_word' id='word_1_292' title='bbox 2079 3364 2194 3415; x_wconf 87' lang='lat' dir='ltr'>loco</span> <span class='ocrx_word' id='word_1_293' title='bbox 2239 3366 2426 3416; x_wconf 90' lang='lat' dir='ltr'>inserit</span> 
     </span>
     <span class='ocr_line' id='line_1_33' title="bbox 269 3447 2421 3519; baseline 0.001 -20"><span class='ocrx_word' id='word_1_294' title='bbox 269 3447 664 3519; x_wconf 89' lang='lat' dir='ltr'>diphthongum</span> <span class='ocrx_word' id='word_1_295' title='bbox 689 3451 763 3502; x_wconf 78' lang='lat' dir='ltr'>iu.</span> <span class='ocrx_word' id='word_1_296' title='bbox 815 3450 1063 3504; x_wconf 80' lang='lat' dir='ltr'>Ceterum</span> <span class='ocrx_word' id='word_1_297' title='bbox 1087 3449 1482 3514; x_wconf 62' lang='lat' dir='ltr'>imasdouffliun</span> <span class='ocrx_word' id='word_1_298' title='bbox 1509 3451 1589 3499; x_wconf 88' lang='lat' dir='ltr'>est</span> <span class='ocrx_word' id='word_1_299' title='bbox 1613 3476 1681 3492; x_wconf 89' lang='lat'>=</span> <span class='ocrx_word' id='word_1_300' title='bbox 1705 3449 1985 3516; x_wconf 71' lang='lat' dir='ltr'>sapientia,</span> <span class='ocrx_word' id='word_1_301' title='bbox 2016 3450 2198 3503; x_wconf 60' lang='lat' dir='ltr'>artium</span> <span class='ocrx_word' id='word_1_302' title='bbox 2223 3475 2290 3492; x_wconf 84' lang='lat'>=</span> <span class='ocrx_word' id='word_1_303' title='bbox 2312 3451 2421 3516; x_wconf 79' lang='lat' dir='ltr'>for-</span> 
     </span>
     <span class='ocr_line' id='line_1_34' title="bbox 268 3525 713 3600; baseline 0.005 -15"><span class='ocrx_word' id='word_1_304' title='bbox 268 3533 456 3597; x_wconf 76' lang='lat' dir='ltr'>matiO,</span> <span class='ocrx_word' id='word_1_305' title='bbox 494 3525 713 3600; x_wconf 76' lang='lat' dir='ltr'>effectus.</span> 
     </span>
    </p>

    <p class='ocr_par' dir='ltr' id='par_1_11' title="bbox 410 3617 2418 3688">
     <span class='ocr_line' id='line_1_35' title="bbox 410 3617 2418 3688; baseline 0.001 -19"><span class='ocrx_word' id='word_1_306' title='bbox 410 3617 530 3670; x_wconf 93' lang='lat' dir='ltr'>Hoc</span> <span class='ocrx_word' id='word_1_307' title='bbox 577 3620 740 3688; x_wconf 89' lang='lat' dir='ltr'>igitur</span> <span class='ocrx_word' id='word_1_308' title='bbox 785 3620 841 3671; x_wconf 92' lang='lat' dir='ltr'>in</span> <span class='ocrx_word' id='word_1_309' title='bbox 887 3619 1128 3687; x_wconf 86' lang='lat' dir='ltr'>exemplo</span> <span class='ocrx_word' id='word_1_310' title='bbox 1168 3618 1521 3670; x_wconf 87' lang='lat' dir='ltr'>armeniacam</span> <span class='ocrx_word' id='word_1_311' title='bbox 1565 3635 1675 3668; x_wconf 90' lang='lat' dir='ltr'>rem</span> <span class='ocrx_word' id='word_1_312' title='bbox 1714 3619 1772 3670; x_wconf 91' lang='lat' dir='ltr'>in</span> <span class='ocrx_word' id='word_1_313' title='bbox 1816 3618 1989 3670; x_wconf 89' lang='lat' dir='ltr'>locum</span> <span class='ocrx_word' id='word_1_314' title='bbox 2038 3636 2257 3687; x_wconf 88' lang='lat' dir='ltr'>graecae</span> <span class='ocrx_word' id='word_1_315' title='bbox 2303 3620 2418 3671; x_wconf 87' lang='lat' dir='ltr'>sub-</span> 
     </span>
    </p>

    <p class='ocr_par' dir='ltr' id='par_1_12' title="bbox 204 3702 2421 4111">
     <span class='ocr_line' id='line_1_36' title="bbox 204 3702 2421 3772; baseline 0 -18"><span class='ocrx_word' id='word_1_316' title='bbox 204 3722 246 3754; x_wconf 85' lang='lat'>35</span> <span class='ocrx_word' id='word_1_317' title='bbox 271 3702 461 3755; x_wconf 88' lang='lat' dir='ltr'>stituit.</span> <span class='ocrx_word' id='word_1_318' title='bbox 523 3702 720 3756; x_wconf 88' lang='lat' dir='ltr'>Contra</span> <span class='ocrx_word' id='word_1_319' title='bbox 745 3704 873 3756; x_wconf 90' lang='lat' dir='ltr'>alibi</span> <span class='ocrx_word' id='word_1_320' title='bbox 899 3703 1159 3756; x_wconf 83' lang='lat' dir='ltr'>Graecum</span> <span class='ocrx_word' id='word_1_321' title='bbox 1188 3707 1396 3755; x_wconf 87' lang='lat' dir='ltr'>secutus</span> <span class='ocrx_word' id='word_1_322' title='bbox 1426 3703 1725 3755; x_wconf 87' lang='lat' dir='ltr'>armeniaca</span> <span class='ocrx_word' id='word_1_323' title='bbox 1754 3703 1834 3755; x_wconf 88' lang='lat' dir='ltr'>vel</span> <span class='ocrx_word' id='word_1_324' title='bbox 1875 3703 1951 3755; x_wconf 86' lang='lat' dir='ltr'>ita</span> <span class='ocrx_word' id='word_1_325' title='bbox 1987 3703 2146 3772; x_wconf 88' lang='lat' dir='ltr'>fingit</span> <span class='ocrx_word' id='word_1_326' title='bbox 2183 3706 2243 3754; x_wconf 93' lang='lat' dir='ltr'>ut</span> <span class='ocrx_word' id='word_1_327' title='bbox 2277 3704 2421 3755; x_wconf 89' lang='lat' dir='ltr'>omni</span> 
     </span>
     <span class='ocr_line' id='line_1_37' title="bbox 269 3787 2419 3856; baseline 0 -16"><span class='ocrx_word' id='word_1_328' title='bbox 269 3788 476 3840; x_wconf 88' lang='lat' dir='ltr'>ratione</span> <span class='ocrx_word' id='word_1_329' title='bbox 528 3791 758 3840; x_wconf 84' lang='lat' dir='ltr'>careant</span> <span class='ocrx_word' id='word_1_330' title='bbox 833 3788 966 3841; x_wconf 84' lang='lat' dir='ltr'>Cum</span> <span class='ocrx_word' id='word_1_331' title='bbox 1002 3789 1225 3840; x_wconf 86' lang='lat' dir='ltr'>minoris</span> <span class='ocrx_word' id='word_1_332' title='bbox 1263 3788 1517 3839; x_wconf 90' lang='lat' dir='ltr'>momenti</span> <span class='ocrx_word' id='word_1_333' title='bbox 1555 3787 1856 3851; x_wconf 87' lang='lat' dir='ltr'>videantur,</span> <span class='ocrx_word' id='word_1_334' title='bbox 1907 3806 2041 3856; x_wconf 90' lang='lat' dir='ltr'>quae</span> <span class='ocrx_word' id='word_1_335' title='bbox 2079 3788 2234 3839; x_wconf 90' lang='lat' dir='ltr'>modo</span> <span class='ocrx_word' id='word_1_336' title='bbox 2274 3788 2336 3839; x_wconf 89' lang='lat' dir='ltr'>de</span> <span class='ocrx_word' id='word_1_337' title='bbox 2376 3807 2419 3840; x_wconf 88' lang='grc' dir='ltr'>ω</span> 
     </span>
     <span class='ocr_line' id='line_1_38' title="bbox 268 3872 2415 3942; baseline 0 -19"><span class='ocrx_word' id='word_1_338' title='bbox 268 3872 496 3924; x_wconf 86' lang='lat' dir='ltr'>diximus</span> <span class='ocrx_word' id='word_1_339' title='bbox 508 3914 522 3940; x_wconf 95' lang='lat'>,</span> <span class='ocrx_word' id='word_1_340' title='bbox 571 3872 851 3925; x_wconf 88' lang='lat' dir='ltr'>afferamus</span> <span class='ocrx_word' id='word_1_341' title='bbox 897 3874 950 3926; x_wconf 90' lang='lat' dir='ltr'>id</span> <span class='ocrx_word' id='word_1_342' title='bbox 997 3873 1138 3942; x_wconf 91' lang='lat' dir='ltr'>quod</span> <span class='ocrx_word' id='word_1_343' title='bbox 1187 3872 1250 3924; x_wconf 90' lang='lat' dir='ltr'>de</span> <span class='ocrx_word' id='word_1_344' title='bbox 1295 3872 1515 3924; x_wconf 88' lang='lat' dir='ltr'>articulo</span> <span class='ocrx_word' id='word_1_345' title='bbox 1569 3872 1756 3926; x_wconf 92' lang='lat' dir='ltr'>docere</span> <span class='ocrx_word' id='word_1_346' title='bbox 1811 3874 2070 3941; x_wconf 86' lang='lat' dir='ltr'>interpres</span> <span class='ocrx_word' id='word_1_347' title='bbox 2118 3890 2274 3924; x_wconf 90' lang='lat' dir='ltr'>ausus</span> <span class='ocrx_word' id='word_1_348' title='bbox 2323 3877 2415 3937; x_wconf 89' lang='lat' dir='ltr'>est,</span> 
     </span>
     <span class='ocr_line' id='line_1_39' title="bbox 267 3957 2416 4027; baseline 0 -19"><span class='ocrx_word' id='word_1_349' title='bbox 267 3974 372 4025; x_wconf 89' lang='lat' dir='ltr'>quo</span> <span class='ocrx_word' id='word_1_350' title='bbox 411 3958 653 4009; x_wconf 87' lang='lat' dir='ltr'>Armenii</span> <span class='ocrx_word' id='word_1_351' title='bbox 698 3961 895 4013; x_wconf 88' lang='lat' dir='ltr'>carent.</span> <span class='ocrx_word' id='word_1_352' title='bbox 970 3958 1077 4011; x_wconf 88' lang='lat' dir='ltr'>Vbi</span> <span class='ocrx_word' id='word_1_353' title='bbox 1122 3975 1311 4027; x_wconf 88' lang='lat' dir='ltr'>graece</span> <span class='ocrx_word' id='word_1_354' title='bbox 1350 3957 1454 4009; x_wconf 87' lang='lat' dir='ltr'>tria</span> <span class='ocrx_word' id='word_1_355' title='bbox 1490 3975 1688 4027; x_wconf 90' lang='lat' dir='ltr'>genera</span> <span class='ocrx_word' id='word_1_356' title='bbox 1726 3959 1786 4026; x_wconf 85' lang='grc' dir='ltr'>ὁ,</span> <span class='ocrx_word' id='word_1_357' title='bbox 1824 3960 1884 4023; x_wconf 83' lang='grc' dir='ltr'>ἡ,</span> <span class='ocrx_word' id='word_1_358' title='bbox 1924 3959 1986 4011; x_wconf 90' lang='grc' dir='ltr'>τό</span> <span class='ocrx_word' id='word_1_359' title='bbox 2024 3964 2416 4024; x_wconf 87' lang='lat' dir='ltr'>enumerantur,</span> 
     </span>
     <span class='ocr_line' id='line_1_40' title="bbox 267 4041 2414 4111; baseline 0 -19"><span class='ocrx_word' id='word_1_360' title='bbox 267 4058 374 4093; x_wconf 90' lang='lat' dir='ltr'>non</span> <span class='ocrx_word' id='word_1_361' title='bbox 420 4042 576 4094; x_wconf 91' lang='lat' dir='ltr'>modo</span> <span class='ocrx_word' id='word_1_362' title='bbox 625 4041 903 4094; x_wconf 89' lang='lat' dir='ltr'>articulum</span> <span class='ocrx_word' id='word_1_363' title='bbox 944 4043 1125 4111; x_wconf 90' lang='lat' dir='ltr'>fingit,</span> <span class='ocrx_word' id='word_1_364' title='bbox 1175 4060 1355 4094; x_wconf 88' lang='lat' dir='ltr'>verum</span> <span class='ocrx_word' id='word_1_365' title='bbox 1408 4041 1570 4093; x_wconf 90' lang='lat' dir='ltr'>etiam</span> <span class='ocrx_word' id='word_1_366' title='bbox 1618 4046 1726 4094; x_wconf 91' lang='lat' dir='ltr'>tres</span> <span class='ocrx_word' id='word_1_367' title='bbox 1773 4043 1884 4094; x_wconf 89' lang='lat' dir='ltr'>eius</span> <span class='ocrx_word' id='word_1_368' title='bbox 1933 4042 2157 4108; x_wconf 82' lang='lat' dir='ltr'>formas3</span> <span class='ocrx_word' id='word_1_369' title='bbox 2206 4045 2261 4093; x_wconf 85' lang='lat' dir='ltr'>at</span> <span class='ocrx_word' id='word_1_370' title='bbox 2299 4060 2414 4094; x_wconf 86' lang='lat' dir='ltr'>cum</span> 
     </span>
    </p>
   </div>
  </div>
 </body>
</html>
