<?xml version="1.0" encoding="UTF-8"?>
<!DOCTYPE html PUBLIC "-//W3C//DTD XHTML 1.0 Transitional//EN"
    "http://www.w3.org/TR/xhtml1/DTD/xhtml1-transitional.dtd">
<html xmlns="http://www.w3.org/1999/xhtml" xml:lang="en" lang="en">
 <head>
  <title>
</title>
<meta http-equiv="Content-Type" content="text/html;charset=utf-8" />
  <meta name='ocr-system' content='tesseract 3.04.00' />
  <meta name='ocr-capabilities' content='ocr_page ocr_carea ocr_par ocr_line ocrx_word'/>
</head>
<body>
  <div class='ocr_page' id='page_1' title='image "./dionysiithracisa00dionuoft_0008.png"; bbox 0 0 2814 4400; ppageno 0'>
   <div class='ocr_carea' id='block_1_1' title="bbox 449 270 1935 320">
    <p class='ocr_par' dir='ltr' id='par_1_1' title="bbox 449 270 1935 320">
     <span class='ocr_line' id='line_1_1' title="bbox 449 270 1935 320; baseline -0.003 -1"><span class='ocrx_word' id='word_1_1' title='bbox 449 276 558 320; x_wconf 88' lang='lat' dir='ltr'>VIII</span> <span class='ocrx_word' id='word_1_2' title='bbox 757 286 763 291; x_wconf 84' lang='lat'><strong>·</strong></span> <span class='ocrx_word' id='word_1_3' title='bbox 1129 273 1209 318; x_wconf 88' lang='lat' dir='ltr'><strong>DE</strong></span> <span class='ocrx_word' id='word_1_4' title='bbox 1239 272 1530 318; x_wconf 86' lang='lat' dir='ltr'><strong>EDITIONE</strong></span> <span class='ocrx_word' id='word_1_5' title='bbox 1562 270 1935 317; x_wconf 81' lang='lat' dir='ltr'>FABRICIANA</span> 
     </span>
    </p>
   </div>
   <div class='ocr_carea' id='block_1_2' title="bbox 445 391 2798 469">
    <p class='ocr_par' dir='ltr' id='par_1_2' title="bbox 445 391 2798 469">
     <span class='ocr_line' id='line_1_2' title="bbox 445 391 2798 469; baseline 0 -12"><span class='ocrx_word' id='word_1_6' title='bbox 445 404 613 457; x_wconf 89' lang='lat' dir='ltr'><strong>libros</strong></span> <span class='ocrx_word' id='word_1_7' title='bbox 669 421 794 457; x_wconf 90' lang='lat' dir='ltr'><strong>suos</strong></span> <span class='ocrx_word' id='word_1_8' title='bbox 851 402 1141 456; x_wconf 88' lang='lat' dir='ltr'><strong>consuevit.</strong></span> <span class='ocrx_word' id='word_1_9' title='bbox 1234 402 1380 464; x_wconf 81' lang='lat' dir='ltr'><strong>Quae</strong></span> <span class='ocrx_word' id='word_1_10' title='bbox 1438 401 1620 454; x_wconf 89' lang='lat' dir='ltr'><strong>omnia</strong></span> <span class='ocrx_word' id='word_1_11' title='bbox 1674 402 1735 453; x_wconf 91' lang='lat' dir='ltr'><strong>ut</strong></span> <span class='ocrx_word' id='word_1_12' title='bbox 1790 398 2080 466; x_wconf 75' lang='lat' dir='ltr'><strong>excusetis,</strong></span> <span class='ocrx_word' id='word_1_13' title='bbox 2141 398 2456 469; x_wconf 78' lang='lat' dir='ltr'><strong>quicumque</strong></span> <span class='ocrx_word' id='word_1_14' title='bbox 2510 398 2616 454; x_wconf 89' lang='lat' dir='ltr'><strong>hoc</strong></span> <span class='ocrx_word' id='word_1_15' title='bbox 2718 463 2723 468; x_wconf 53' lang='grc'>,</span> <span class='ocrx_word' id='word_1_16' title='bbox 2779 391 2798 457; x_wconf 53' lang='lat' dir='ltr'>s</span> 
     </span>
    </p>
   </div>
   <div class='ocr_carea' id='block_1_3' title="bbox 380 478 2658 981">
    <p class='ocr_par' dir='ltr' id='par_1_3' title="bbox 380 478 2658 981">
     <span class='ocr_line' id='line_1_3' title="bbox 449 478 2615 557; baseline -0.001 -16"><span class='ocrx_word' id='word_1_17' title='bbox 449 489 716 542; x_wconf 88' lang='lat' dir='ltr'><strong>volumine</strong></span> <span class='ocrx_word' id='word_1_18' title='bbox 753 487 1000 555; x_wconf 89' lang='lat' dir='ltr'><strong>utemini,</strong></span> <span class='ocrx_word' id='word_1_19' title='bbox 1050 504 1181 557; x_wconf 85' lang='lat' dir='ltr'><strong>rogo</strong></span> <span class='ocrx_word' id='word_1_20' title='bbox 1227 504 1363 539; x_wconf 86' lang='lat' dir='ltr'><strong>neve</strong></span> <span class='ocrx_word' id='word_1_21' title='bbox 1412 503 1548 555; x_wconf 88' lang='lat' dir='ltr'><strong>quae</strong></span> <span class='ocrx_word' id='word_1_22' title='bbox 1585 485 1762 537; x_wconf 90' lang='lat' dir='ltr'><strong>desint</strong></span> <span class='ocrx_word' id='word_1_23' title='bbox 1796 482 2065 552; x_wconf 85' lang='lat' dir='ltr'><strong>quaeratis</strong></span> <span class='ocrx_word' id='word_1_24' title='bbox 2115 478 2207 536; x_wconf 90' lang='lat' dir='ltr'><strong>sed</strong></span> <span class='ocrx_word' id='word_1_25' title='bbox 2243 484 2466 554; x_wconf 91' lang='lat' dir='ltr'><strong>numqui</strong></span> <span class='ocrx_word' id='word_1_26' title='bbox 2504 483 2615 538; x_wconf 85' lang='lat' dir='ltr'><strong>sint</strong></span> 
     </span>
     <span class='ocr_line' id='line_1_4' title="bbox 447 566 2614 643; baseline -0.001 -18"><span class='ocrx_word' id='word_1_27' title='bbox 447 591 760 643; x_wconf 86' lang='lat' dir='ltr'><strong>progressus</strong></span> <span class='ocrx_word' id='word_1_28' title='bbox 797 572 944 625; x_wconf 87' lang='lat' dir='ltr'><strong>facti.</strong></span> <span class='ocrx_word' id='word_1_29' title='bbox 1018 573 1175 641; x_wconf 89' lang='lat' dir='ltr'><strong>atque</strong></span> <span class='ocrx_word' id='word_1_30' title='bbox 1224 571 1423 624; x_wconf 81' lang='lat' dir='ltr'><strong>credite</strong></span> <span class='ocrx_word' id='word_1_31' title='bbox 1469 569 1624 634; x_wconf 92' lang='lat' dir='ltr'><strong>mihi,</strong></span> <span class='ocrx_word' id='word_1_32' title='bbox 1672 567 1907 622; x_wconf 90' lang='lat' dir='ltr'><strong>Phineus</strong></span> <span class='ocrx_word' id='word_1_33' title='bbox 1955 584 2089 636; x_wconf 90' lang='lat' dir='ltr'><strong>quae</strong></span> <span class='ocrx_word' id='word_1_34' title='bbox 2126 566 2254 620; x_wconf 89' lang='lat' dir='ltr'><strong>olim</strong></span> <span class='ocrx_word' id='word_1_35' title='bbox 2289 586 2478 638; x_wconf 89' lang='lat' dir='ltr'><strong>passus</strong></span> <span class='ocrx_word' id='word_1_36' title='bbox 2516 571 2614 638; x_wconf 86' lang='lat' dir='ltr'><strong>est,</strong></span> 
     </span>
     <span class='ocr_line' id='line_1_5' title="bbox 447 653 2612 726; baseline -0.001 -16"><span class='ocrx_word' id='word_1_37' title='bbox 447 676 630 711; x_wconf 87' lang='lat' dir='ltr'><strong>eorum</strong></span> <span class='ocrx_word' id='word_1_38' title='bbox 679 656 873 710; x_wconf 82' lang='lat' dir='ltr'>similia</span> <span class='ocrx_word' id='word_1_39' title='bbox 915 673 1010 726; x_wconf 87' lang='lat' dir='ltr'><strong>per</strong></span> <span class='ocrx_word' id='word_1_40' title='bbox 1055 655 1155 708; x_wconf 92' lang='lat' dir='ltr'><strong>hos</strong></span> <span class='ocrx_word' id='word_1_41' title='bbox 1201 656 1473 725; x_wconf 87' lang='lat' dir='ltr'><strong>proximos</strong></span> <span class='ocrx_word' id='word_1_42' title='bbox 1520 671 1730 707; x_wconf 90' lang='lat' dir='ltr'><strong>menses</strong></span> <span class='ocrx_word' id='word_1_43' title='bbox 1775 670 1860 705; x_wconf 93' lang='lat' dir='ltr'><strong>me</strong></span> <span class='ocrx_word' id='word_1_44' title='bbox 1905 670 2291 721; x_wconf 83' lang='lat' dir='ltr'><strong>saepenumero</strong></span> <span class='ocrx_word' id='word_1_45' title='bbox 2328 653 2612 707; x_wconf 77' lang='lat' dir='ltr'><strong>tolerasse:</strong></span> 
     </span>
     <span class='ocr_line' id='line_1_6' title="bbox 448 739 2658 812; baseline -0.004 -17"><span class='ocrx_word' id='word_1_46' title='bbox 448 742 927 812; x_wconf 79' lang='lat' dir='ltr'><strong>quotienscumque</strong></span> <span class='ocrx_word' id='word_1_47' title='bbox 966 741 1108 794; x_wconf 92' lang='lat' dir='ltr'><strong>enim</strong></span> <span class='ocrx_word' id='word_1_48' title='bbox 1147 741 1222 793; x_wconf 86' lang='lat' dir='ltr'><strong>eis</strong></span> <span class='ocrx_word' id='word_1_49' title='bbox 1261 758 1397 810; x_wconf 86' lang='lat' dir='ltr'><strong>quae</strong></span> <span class='ocrx_word' id='word_1_50' title='bbox 1435 742 1526 792; x_wconf 89' lang='lat' dir='ltr'><strong>aut</strong></span> <span class='ocrx_word' id='word_1_51' title='bbox 1563 739 1677 808; x_wconf 90' lang='lat' dir='ltr'><strong>ipse</strong></span> <span class='ocrx_word' id='word_1_52' title='bbox 1717 754 2082 806; x_wconf 87' lang='lat' dir='ltr'><strong>excerpseram</strong></span> <span class='ocrx_word' id='word_1_53' title='bbox 2108 754 2613 808; x_wconf 85' lang='lat' dir='ltr'><strong>composueramque</strong></span> <span class='ocrx_word' id='word_1_54' title='bbox 2635 753 2658 787; x_wconf 86' lang='lat'><strong>5</strong></span> 
     </span>
     <span class='ocr_line' id='line_1_7' title="bbox 380 822 2615 933; baseline -0.001 -54"><span class='ocrx_word' id='word_1_55' title='bbox 380 857 390 870; x_wconf 92' lang='lat'><em>-</em></span> <span class='ocrx_word' id='word_1_56' title='bbox 448 829 542 879; x_wconf 91' lang='lat' dir='ltr'><strong>aut</strong></span> <span class='ocrx_word' id='word_1_57' title='bbox 599 826 688 879; x_wconf 91' lang='lat' dir='ltr'><strong>alii</strong></span> <span class='ocrx_word' id='word_1_58' title='bbox 754 844 962 879; x_wconf 88' lang='lat' dir='ltr'><strong>mecum</strong></span> <span class='ocrx_word' id='word_1_59' title='bbox 1018 825 1545 879; x_wconf 74' lang='lat' dir='ltr'><strong>communicaverant</strong></span> <span class='ocrx_word' id='word_1_60' title='bbox 1601 822 1708 875; x_wconf 86' lang='lat' dir='ltr'><strong>frui</strong></span> <span class='ocrx_word' id='word_1_61' title='bbox 1762 822 2031 891; x_wconf 88' lang='lat' dir='ltr'><strong>volebam,</strong></span> <span class='ocrx_word' id='word_1_62' title='bbox 2087 822 2287 876; x_wconf 83' lang='lat' dir='ltr'><strong>totiens</strong></span> <span class='ocrx_word' id='word_1_63' title='bbox 2348 823 2615 933; x_wconf 85' lang='lat' dir='ltr'><strong>extemplo</strong></span> 
     </span>
     <span class='ocr_line' id='line_1_8' title="bbox 454 907 2123 981; baseline -0.002 -18"><span class='ocrx_word' id='word_1_64' title='bbox 454 915 700 981; x_wconf 89' lang='lat' dir='ltr'><strong>surrepta</strong></span> <span class='ocrx_word' id='word_1_65' title='bbox 735 911 1081 981; x_wconf 85' lang='lat' dir='ltr'><strong>inquinatave</strong></span> <span class='ocrx_word' id='word_1_66' title='bbox 1120 912 1246 962; x_wconf 91' lang='lat' dir='ltr'><strong>sunt</strong></span> <span class='ocrx_word' id='word_1_67' title='bbox 1280 910 1438 962; x_wconf 87' lang='lat' dir='ltr'><strong>turba</strong></span> <span class='ocrx_word' id='word_1_68' title='bbox 1475 913 1776 961; x_wconf 89' lang='lat' dir='ltr'><strong>muscarum</strong></span> <span class='ocrx_word' id='word_1_69' title='bbox 1813 907 2123 961; x_wconf 86' lang='lat' dir='ltr'><strong>volantium.</strong></span> 
     </span>
    </p>
   </div>
   <div class='ocr_carea' id='block_1_4' title="bbox 1358 1039 1695 1045">
    <p class='ocr_par' dir='ltr' id='par_1_4' title="bbox 1358 1039 1695 1045">
     <span class='ocr_line' id='line_1_9' title="bbox 1358 1039 1695 1045; baseline 0 0"><span class='ocrx_word' id='word_1_70' title='bbox 1358 1039 1695 1045; x_wconf 95' lang='lat' dir='ltr'><strong> </strong></span> 
     </span>
    </p>
   </div>
   <div class='ocr_carea' id='block_1_5' title="bbox 443 1135 2695 3251">
    <p class='ocr_par' dir='ltr' id='par_1_5' title="bbox 443 1135 2695 3251">
     <span class='ocr_line' id='line_1_10' title="bbox 590 1135 2616 1205; baseline 0 -16"><span class='ocrx_word' id='word_1_71' title='bbox 590 1137 798 1191; x_wconf 82' lang='lat' dir='ltr'><strong>Primus</strong></span> <span class='ocrx_word' id='word_1_72' title='bbox 846 1136 1011 1189; x_wconf 88' lang='lat' dir='ltr'><strong>edidit</strong></span> <span class='ocrx_word' id='word_1_73' title='bbox 1058 1139 1225 1189; x_wconf 86' lang='lat' dir='ltr'><strong>artem</strong></span> <span class='ocrx_word' id='word_1_74' title='bbox 1273 1135 1656 1205; x_wconf 83' lang='lat' dir='ltr'><strong>Dionysianam</strong></span> <span class='ocrx_word' id='word_1_75' title='bbox 1705 1152 1848 1187; x_wconf 90' lang='lat' dir='ltr'><strong>anno</strong></span> <span class='ocrx_word' id='word_1_76' title='bbox 1900 1135 2036 1189; x_wconf 85' lang='lat'>1715</span> <span class='ocrx_word' id='word_1_77' title='bbox 2083 1135 2508 1189; x_wconf 88' lang='lat' dir='ltr'><strong>IAFabricius</strong></span> <span class='ocrx_word' id='word_1_78' title='bbox 2556 1135 2616 1189; x_wconf 88' lang='lat' dir='ltr'><strong>in</strong></span> 
     </span>
     <span class='ocr_line' id='line_1_11' title="bbox 449 1219 2615 1290; baseline -0.001 -13"><span class='ocrx_word' id='word_1_79' title='bbox 449 1223 812 1277; x_wconf 86' lang='lat' dir='ltr'><strong>Bibliothecae</strong></span> <span class='ocrx_word' id='word_1_80' title='bbox 862 1240 989 1275; x_wconf 85' lang='lat' dir='ltr'><strong>suae</strong></span> <span class='ocrx_word' id='word_1_81' title='bbox 1046 1222 1281 1274; x_wconf 87' lang='lat' dir='ltr'><strong>Graecae</strong></span> <span class='ocrx_word' id='word_1_82' title='bbox 1335 1220 1604 1273; x_wconf 88' lang='lat' dir='ltr'><strong>volumine</strong></span> <span class='ocrx_word' id='word_1_83' title='bbox 1659 1219 1889 1288; x_wconf 90' lang='lat' dir='ltr'><strong>septimo</strong></span> <span class='ocrx_word' id='word_1_84' title='bbox 1937 1239 1975 1290; x_wconf 88' lang='lat' dir='ltr'><strong>-p</strong></span> <span class='ocrx_word' id='word_1_85' title='bbox 2018 1220 2270 1289; x_wconf 80' lang='lat'><strong>26—34,</strong></span> <span class='ocrx_word' id='word_1_86' title='bbox 2326 1220 2418 1273; x_wconf 88' lang='lat' dir='ltr'><strong>ubi</strong></span> <span class='ocrx_word' id='word_1_87' title='bbox 2471 1223 2615 1290; x_wconf 85' lang='lat' dir='ltr'><strong>post-</strong></span> 
     </span>
     <span class='ocr_line' id='line_1_12' title="bbox 445 1304 2681 1379; baseline -0 -18"><span class='ocrx_word' id='word_1_88' title='bbox 445 1328 601 1379; x_wconf 89' lang='lat' dir='ltr'><strong>quam</strong></span> <span class='ocrx_word' id='word_1_89' title='bbox 650 1307 713 1359; x_wconf 92' lang='lat' dir='ltr'><strong>de</strong></span> <span class='ocrx_word' id='word_1_90' title='bbox 761 1307 928 1359; x_wconf 88' lang='lat' dir='ltr'><strong>libelli</strong></span> <span class='ocrx_word' id='word_1_91' title='bbox 980 1309 1194 1359; x_wconf 91' lang='lat' dir='ltr'><strong>auctore</strong></span> <span class='ocrx_word' id='word_1_92' title='bbox 1242 1306 1562 1374; x_wconf 84' lang='lat' dir='ltr'><strong>disputavit,</strong></span> <span class='ocrx_word' id='word_1_93' title='bbox 1610 1306 1741 1358; x_wconf 89' lang='lat' dir='ltr'><strong>haec</strong></span> <span class='ocrx_word' id='word_1_94' title='bbox 1786 1304 2021 1359; x_wconf 88' lang='lat' dir='ltr'><strong>technici</strong></span> <span class='ocrx_word' id='word_1_95' title='bbox 2067 1305 2244 1358; x_wconf 86' lang='lat' dir='ltr'><strong>verbis</strong></span> <span class='ocrx_word' id='word_1_96' title='bbox 2293 1306 2612 1374; x_wconf 88' lang='lat' dir='ltr'><strong>praemittit:</strong></span> <span class='ocrx_word' id='word_1_97' title='bbox 2638 1321 2681 1354; x_wconf 76' lang='grc' dir='ltr'><strong>ιο</strong></span> 
     </span>
     <span class='ocr_line' id='line_1_13' title="bbox 449 1389 2616 1460; baseline -0.001 -13"><span class='ocrx_word' id='word_1_98' title='bbox 449 1395 810 1460; x_wconf 72' lang='lat' dir='ltr'><strong>Quemcunque</strong></span> <span class='ocrx_word' id='word_1_99' title='bbox 859 1395 1033 1445; x_wconf 89' lang='lat' dir='ltr'><strong>autem</strong></span> <span class='ocrx_word' id='word_1_100' title='bbox 1077 1391 1204 1444; x_wconf 78' lang='lat' dir='ltr'><strong>haec</strong></span> <span class='ocrx_word' id='word_1_101' title='bbox 1250 1392 1412 1457; x_wconf 83' lang='grc' dir='ltr'>τέχνη</span> <span class='ocrx_word' id='word_1_102' title='bbox 1460 1391 1769 1456; x_wconf 81' lang='grc' dir='ltr'>εἰςαγωγικὴ</span> <span class='ocrx_word' id='word_1_103' title='bbox 1827 1389 2256 1445; x_wconf 76' lang='lat' dir='ltr'><strong>Grammaticum</strong></span> <span class='ocrx_word' id='word_1_104' title='bbox 2292 1390 2616 1460; x_wconf 75' lang='lat' dir='ltr'><strong>Dionysium</strong></span> 
     </span>
     <span class='ocr_line' id='line_1_14' title="bbox 446 1476 2616 1545; baseline -0 -14"><span class='ocrx_word' id='word_1_105' title='bbox 446 1479 599 1531; x_wconf 79' lang='lat' dir='ltr'><strong>habet</strong></span> <span class='ocrx_word' id='word_1_106' title='bbox 635 1480 920 1544; x_wconf 77' lang='lat' dir='ltr'><strong>auctorem,</strong></span> <span class='ocrx_word' id='word_1_107' title='bbox 962 1481 1090 1529; x_wconf 88' lang='lat' dir='ltr'><strong>certe</strong></span> <span class='ocrx_word' id='word_1_108' title='bbox 1125 1477 1184 1529; x_wconf 84' lang='lat' dir='ltr'><strong>ob</strong></span> <span class='ocrx_word' id='word_1_109' title='bbox 1223 1477 1616 1544; x_wconf 79' lang='lat' dir='ltr'><strong>antiquitatem,</strong></span> <span class='ocrx_word' id='word_1_110' title='bbox 1641 1476 2078 1544; x_wconf 71' lang='lat' dir='ltr'><strong>perspicuitatem</strong></span> <span class='ocrx_word' id='word_1_111' title='bbox 2114 1479 2161 1532; x_wconf 86' lang='lat' dir='ltr'><strong>et</strong></span> <span class='ocrx_word' id='word_1_112' title='bbox 2196 1492 2416 1529; x_wconf 87' lang='lat' dir='ltr'><strong>acumen</strong></span> <span class='ocrx_word' id='word_1_113' title='bbox 2451 1476 2616 1545; x_wconf 77' lang='lat' dir='ltr'><strong>diyna</strong></span> 
     </span>
     <span class='ocr_line' id='line_1_15' title="bbox 444 1560 2617 1630; baseline -0 -14"><span class='ocrx_word' id='word_1_114' title='bbox 444 1567 517 1617; x_wconf 86' lang='lat' dir='ltr'><strong>est</strong></span> <span class='ocrx_word' id='word_1_115' title='bbox 554 1580 687 1630; x_wconf 79' lang='lat' dir='ltr'><strong>quac</strong></span> <span class='ocrx_word' id='word_1_116' title='bbox 725 1562 885 1616; x_wconf 82' lang='lat' dir='ltr'><strong>lucem</strong></span> <span class='ocrx_word' id='word_1_117' title='bbox 921 1564 1120 1629; x_wconf 80' lang='lat' dir='ltr'><strong>videat,</strong></span> <span class='ocrx_word' id='word_1_118' title='bbox 1159 1565 1207 1614; x_wconf 89' lang='lat' dir='ltr'><strong>et</strong></span> <span class='ocrx_word' id='word_1_119' title='bbox 1242 1562 1391 1614; x_wconf 88' lang='lat' dir='ltr'><strong>cuius</strong></span> <span class='ocrx_word' id='word_1_120' title='bbox 1428 1562 1703 1614; x_wconf 76' lang='lat' dir='ltr'><strong>editionem</strong></span> <span class='ocrx_word' id='word_1_121' title='bbox 1730 1562 1942 1629; x_wconf 78' lang='lat' dir='ltr'><strong>pridem</strong></span> <span class='ocrx_word' id='word_1_122' title='bbox 1980 1560 2148 1613; x_wconf 84' lang='lat' dir='ltr'><strong>moliti</strong></span> <span class='ocrx_word' id='word_1_123' title='bbox 2182 1564 2307 1614; x_wconf 89' lang='lat' dir='ltr'><strong>sunt</strong></span> <span class='ocrx_word' id='word_1_124' title='bbox 2341 1561 2448 1614; x_wconf 87' lang='lat' dir='ltr'><strong>viri</strong></span> <span class='ocrx_word' id='word_1_125' title='bbox 2481 1561 2617 1615; x_wconf 85' lang='lat' dir='ltr'><strong>docti</strong></span> 
     </span>
     <span class='ocr_line' id='line_1_16' title="bbox 443 1645 2695 1715; baseline 0 -15"><span class='ocrx_word' id='word_1_126' title='bbox 443 1648 765 1700; x_wconf 86' lang='lat' dir='ltr'><strong>Maussacus</strong></span> <span class='ocrx_word' id='word_1_127' title='bbox 779 1649 814 1715; x_wconf 92' lang='lat'><strong>¹)</strong></span> <span class='ocrx_word' id='word_1_128' title='bbox 853 1652 899 1701; x_wconf 92' lang='lat' dir='ltr'><strong>et</strong></span> <span class='ocrx_word' id='word_1_129' title='bbox 936 1647 1010 1700; x_wconf 88' lang='lat' dir='ltr'><strong>Is.</strong></span> <span class='ocrx_word' id='word_1_130' title='bbox 1051 1647 1276 1699; x_wconf 80' lang='lat' dir='ltr'><strong>Vossius.</strong></span> <span class='ocrx_word' id='word_1_131' title='bbox 1294 1646 1340 1713; x_wconf 83' lang='lat'><strong>2)</strong></span> <span class='ocrx_word' id='word_1_132' title='bbox 1403 1645 1583 1714; x_wconf 75' lang='lat' dir='ltr'><strong>Iyitur</strong></span> <span class='ocrx_word' id='word_1_133' title='bbox 1619 1655 1727 1698; x_wconf 89' lang='lat' dir='ltr'><strong>non</strong></span> <span class='ocrx_word' id='word_1_134' title='bbox 1762 1648 2032 1714; x_wconf 75' lang='lat' dir='ltr'><strong>inyratam</strong></span> <span class='ocrx_word' id='word_1_135' title='bbox 2058 1663 2138 1698; x_wconf 88' lang='lat' dir='ltr'><strong>me</strong></span> <span class='ocrx_word' id='word_1_136' title='bbox 2161 1662 2272 1698; x_wconf 90' lang='lat' dir='ltr'><strong>rem</strong></span> <span class='ocrx_word' id='word_1_137' title='bbox 2289 1650 2421 1714; x_wconf 76' lang='lat' dir='ltr'><strong>puto</strong></span> <span class='ocrx_word' id='word_1_138' title='bbox 2441 1647 2616 1714; x_wconf 80' lang='lat' dir='ltr'><strong>facere</strong></span> <span class='ocrx_word' id='word_1_139' title='bbox 2692 1710 2695 1712; x_wconf 64' lang='lat'>‚</span> 
     </span>
     <span class='ocr_line' id='line_1_17' title="bbox 446 1731 2679 1800; baseline 0 -14"><span class='ocrx_word' id='word_1_140' title='bbox 446 1733 774 1787; x_wconf 82' lang='lat' dir='ltr'><strong>Graecarum</strong></span> <span class='ocrx_word' id='word_1_141' title='bbox 814 1733 1087 1786; x_wconf 85' lang='lat' dir='ltr'><strong>literarum</strong></span> <span class='ocrx_word' id='word_1_142' title='bbox 1121 1731 1368 1784; x_wconf 80' lang='lat' dir='ltr'><strong>studiosis</strong></span> <span class='ocrx_word' id='word_1_143' title='bbox 1382 1772 1395 1798; x_wconf 87' lang='lat'><strong>,</strong></span> <span class='ocrx_word' id='word_1_144' title='bbox 1434 1732 1482 1783; x_wconf 90' lang='lat' dir='ltr'><strong>si</strong></span> <span class='ocrx_word' id='word_1_145' title='bbox 1519 1731 1772 1784; x_wconf 77' lang='lat' dir='ltr'><strong>eximium</strong></span> <span class='ocrx_word' id='word_1_146' title='bbox 1807 1731 1901 1784; x_wconf 79' lang='lat' dir='ltr'><strong>hoc</strong></span> <span class='ocrx_word' id='word_1_147' title='bbox 1934 1734 2327 1784; x_wconf 85' lang='lat' dir='ltr'><strong>monumentum</strong></span> <span class='ocrx_word' id='word_1_148' title='bbox 2347 1733 2616 1800; x_wconf 79' lang='lat' dir='ltr'><strong>praesenti</strong></span> <span class='ocrx_word' id='word_1_149' title='bbox 2635 1744 2679 1778; x_wconf 84' lang='lat'><strong>1⁵</strong></span> 
     </span>
     <span class='ocr_line' id='line_1_18' title="bbox 446 1814 2617 1884; baseline 0 -13"><span class='ocrx_word' id='word_1_150' title='bbox 446 1820 550 1871; x_wconf 84' lang='lat' dir='ltr'><strong>loco</strong></span> <span class='ocrx_word' id='word_1_151' title='bbox 587 1835 705 1871; x_wconf 89' lang='lat' dir='ltr'><strong>cum</strong></span> <span class='ocrx_word' id='word_1_152' title='bbox 741 1819 814 1871; x_wconf 86' lang='lat' dir='ltr'><strong>eis</strong></span> <span class='ocrx_word' id='word_1_153' title='bbox 850 1818 1217 1870; x_wconf 80' lang='lat' dir='ltr'><strong>communicem</strong></span> <span class='ocrx_word' id='word_1_154' title='bbox 1255 1833 1316 1869; x_wconf 72' lang='lat' dir='ltr'><strong>ex</strong></span> <span class='ocrx_word' id='word_1_155' title='bbox 1353 1815 1656 1884; x_wconf 71' lang='lat' dir='ltr'><strong>apoyrapho</strong></span> <span class='ocrx_word' id='word_1_156' title='bbox 1692 1814 2042 1870; x_wconf 82' lang='lat' dir='ltr'><strong>Holsteniano</strong></span> <span class='ocrx_word' id='word_1_157' title='bbox 2056 1855 2069 1882; x_wconf 90' lang='lat'><em>‚</em></span> <span class='ocrx_word' id='word_1_158' title='bbox 2109 1817 2251 1883; x_wconf 81' lang='lat' dir='ltr'><strong>quod</strong></span> <span class='ocrx_word' id='word_1_159' title='bbox 2292 1820 2435 1870; x_wconf 79' lang='lat' dir='ltr'><strong>extat</strong></span> <span class='ocrx_word' id='word_1_160' title='bbox 2480 1819 2617 1872; x_wconf 76' lang='lat' dir='ltr'><strong>inter</strong></span> 
     </span>
     <span class='ocr_line' id='line_1_19' title="bbox 450 1899 2613 1970; baseline 0.001 -16"><span class='ocrx_word' id='word_1_161' title='bbox 450 1901 638 1955; x_wconf 80' lang='lat' dir='ltr'><strong>MStos</strong></span> <span class='ocrx_word' id='word_1_162' title='bbox 693 1901 902 1955; x_wconf 85' lang='lat' dir='ltr'><strong>Codices</strong></span> <span class='ocrx_word' id='word_1_163' title='bbox 958 1901 1312 1955; x_wconf 81' lang='lat' dir='ltr'><strong>Bibliothecae</strong></span> <span class='ocrx_word' id='word_1_164' title='bbox 1367 1900 1674 1954; x_wconf 77' lang='lat' dir='ltr'><strong>Iohanneae</strong></span> <span class='ocrx_word' id='word_1_165' title='bbox 1733 1901 1893 1954; x_wconf 80' lang='lat' dir='ltr'><strong>huius</strong></span> <span class='ocrx_word' id='word_1_166' title='bbox 1958 1899 2116 1954; x_wconf 86' lang='lat' dir='ltr'><strong>Urbis</strong></span> <span class='ocrx_word' id='word_1_167' title='bbox 2170 1899 2613 1970; x_wconf 73' lang='lat' dir='ltr'><strong>Hamburyensis.</strong></span> 
     </span>
     <span class='ocr_line' id='line_1_20' title="bbox 447 1984 2615 2055; baseline 0.001 -17"><span class='ocrx_word' id='word_1_168' title='bbox 447 1986 534 2039; x_wconf 89' lang='lat' dir='ltr'><strong>hic</strong></span> <span class='ocrx_word' id='word_1_169' title='bbox 572 1987 707 2039; x_wconf 90' lang='lat' dir='ltr'><strong>liber</strong></span> <span class='ocrx_word' id='word_1_170' title='bbox 744 1985 872 2055; x_wconf 88' lang='lat' dir='ltr'><strong>(H),</strong></span> <span class='ocrx_word' id='word_1_171' title='bbox 924 1985 988 2038; x_wconf 88' lang='lat' dir='ltr'><strong>de</strong></span> <span class='ocrx_word' id='word_1_172' title='bbox 1035 2002 1138 2054; x_wconf 91' lang='lat' dir='ltr'><strong>quo</strong></span> <span class='ocrx_word' id='word_1_173' title='bbox 1187 2001 1343 2054; x_wconf 86' lang='lat' dir='ltr'><strong>egere</strong></span> <span class='ocrx_word' id='word_1_174' title='bbox 1382 1984 1479 2037; x_wconf 86' lang='lat' dir='ltr'><strong>LP</strong></span> <span class='ocrx_word' id='word_1_175' title='bbox 1492 2003 1517 2037; x_wconf 91' lang='lat' dir='ltr'><strong>r</strong></span> <span class='ocrx_word' id='word_1_176' title='bbox 1534 1985 1698 2037; x_wconf 88' lang='lat' dir='ltr'><strong>eller</strong></span> <span class='ocrx_word' id='word_1_177' title='bbox 1746 1985 1803 2037; x_wconf 91' lang='lat' dir='ltr'><strong>in</strong></span> <span class='ocrx_word' id='word_1_178' title='bbox 1842 1988 2242 2055; x_wconf 85' lang='lat' dir='ltr'><strong>programmate</strong></span> <span class='ocrx_word' id='word_1_179' title='bbox 2279 1986 2459 2055; x_wconf 90' lang='lat' dir='ltr'><strong>priore</strong></span> <span class='ocrx_word' id='word_1_180' title='bbox 2497 1987 2615 2040; x_wconf 90' lang='lat' dir='ltr'><strong>uni·</strong></span> 
     </span>
     <span class='ocr_line' id='line_1_21' title="bbox 447 2063 2671 2139; baseline 0.002 -16"><span class='ocrx_word' id='word_1_181' title='bbox 447 2071 711 2123; x_wconf 86' lang='lat' dir='ltr'><strong>versitatis</strong></span> <span class='ocrx_word' id='word_1_182' title='bbox 755 2070 1106 2139; x_wconf 89' lang='lat' dir='ltr'><strong>Dorpatensis</strong></span> <span class='ocrx_word' id='word_1_183' title='bbox 1152 2088 1199 2122; x_wconf 89' lang='lat' dir='ltr'><strong>a.</strong></span> <span class='ocrx_word' id='word_1_184' title='bbox 1244 2069 1381 2122; x_wconf 85' lang='lat'>1840</span> <span class='ocrx_word' id='word_1_185' title='bbox 1427 2089 1463 2139; x_wconf 91' lang='lat' dir='ltr'><strong>p</strong></span> <span class='ocrx_word' id='word_1_186' title='bbox 1500 2070 1534 2122; x_wconf 78' lang='lat'><strong><em>2</em></strong></span> <span class='ocrx_word' id='word_1_187' title='bbox 1589 2072 1643 2122; x_wconf 87' lang='lat' dir='ltr'><strong>et</strong></span> <span class='ocrx_word' id='word_1_188' title='bbox 1679 2068 1910 2122; x_wconf 86' lang='lat' dir='ltr'><strong>AHart</strong></span> <span class='ocrx_word' id='word_1_189' title='bbox 1955 2070 2013 2122; x_wconf 91' lang='lat' dir='ltr'><strong>in</strong></span> <span class='ocrx_word' id='word_1_190' title='bbox 2059 2069 2392 2123; x_wconf 88' lang='lat' dir='ltr'><strong>Fleckeiseni</strong></span> <span class='ocrx_word' id='word_1_191' title='bbox 2429 2071 2615 2126; x_wconf 88' lang='lat' dir='ltr'><strong>Anna·</strong></span> <span class='ocrx_word' id='word_1_192' title='bbox 2669 2063 2671 2065; x_wconf 28' lang='lat'><strong><em>¹</em></strong></span> 
     </span>
     <span class='ocr_line' id='line_1_22' title="bbox 445 2154 2680 2227; baseline -0 -20"><span class='ocrx_word' id='word_1_193' title='bbox 445 2155 582 2207; x_wconf 89' lang='lat' dir='ltr'><strong>libus</strong></span> <span class='ocrx_word' id='word_1_194' title='bbox 633 2155 768 2209; x_wconf 82' lang='lat'>1872</span> <span class='ocrx_word' id='word_1_195' title='bbox 814 2174 848 2225; x_wconf 91' lang='lat' dir='ltr'><strong>p</strong></span> <span class='ocrx_word' id='word_1_196' title='bbox 895 2155 1024 2221; x_wconf 80' lang='lat'><strong>265,</strong></span> <span class='ocrx_word' id='word_1_197' title='bbox 1084 2154 1393 2207; x_wconf 79' lang='lat' dir='ltr'><strong>chartaceus</strong></span> <span class='ocrx_word' id='word_1_198' title='bbox 1441 2158 1543 2223; x_wconf 86' lang='lat' dir='ltr'><strong>est,</strong></span> <span class='ocrx_word' id='word_1_199' title='bbox 1593 2155 1794 2208; x_wconf 89' lang='lat' dir='ltr'><strong>formae</strong></span> <span class='ocrx_word' id='word_1_200' title='bbox 1840 2155 2058 2208; x_wconf 84' lang='lat' dir='ltr'><strong>maioris</strong></span> <span class='ocrx_word' id='word_1_201' title='bbox 2068 2195 2084 2224; x_wconf 89' lang='lat'><strong>,</strong></span> <span class='ocrx_word' id='word_1_202' title='bbox 2131 2156 2450 2225; x_wconf 85' lang='lat' dir='ltr'><strong>paginarum</strong></span> <span class='ocrx_word' id='word_1_203' title='bbox 2494 2157 2615 2227; x_wconf 87' lang='lat'><strong>398,</strong></span> <span class='ocrx_word' id='word_1_204' title='bbox 2639 2174 2680 2206; x_wconf 79' lang='lat'><strong>20</strong></span> 
     </span>
     <span class='ocr_line' id='line_1_23' title="bbox 446 2231 2615 2309; baseline 0.002 -17"><span class='ocrx_word' id='word_1_205' title='bbox 446 2260 473 2292; x_wconf 89' lang='lat' dir='ltr'><strong>e</strong></span> <span class='ocrx_word' id='word_1_206' title='bbox 513 2240 872 2309; x_wconf 86' lang='lat' dir='ltr'><strong>compluribus</strong></span> <span class='ocrx_word' id='word_1_207' title='bbox 911 2239 1182 2293; x_wconf 89' lang='lat' dir='ltr'><strong>codicibus</strong></span> <span class='ocrx_word' id='word_1_208' title='bbox 1204 2231 1485 2293; x_wconf 69' lang='lat' dir='ltr'><strong>‘Vaticanis</strong></span> <span class='ocrx_word' id='word_1_209' title='bbox 1525 2241 1858 2309; x_wconf 88' lang='lat' dir='ltr'><strong>conscriptus</strong></span> <span class='ocrx_word' id='word_1_210' title='bbox 1897 2239 2065 2309; x_wconf 80' lang='lat' dir='ltr'><strong>iussn,</strong></span> <span class='ocrx_word' id='word_1_211' title='bbox 2104 2258 2215 2293; x_wconf 91' lang='lat' dir='ltr'><strong>non</strong></span> <span class='ocrx_word' id='word_1_212' title='bbox 2251 2259 2414 2294; x_wconf 90' lang='lat' dir='ltr'><strong>manu</strong></span> <span class='ocrx_word' id='word_1_213' title='bbox 2441 2241 2615 2296; x_wconf 84' lang='lat' dir='ltr'><strong>Lucae</strong></span> 
     </span>
     <span class='ocr_line' id='line_1_24' title="bbox 445 2324 2615 2395; baseline 0.002 -18"><span class='ocrx_word' id='word_1_214' title='bbox 445 2324 732 2393; x_wconf 85' lang='lat' dir='ltr'><strong>Holstenii,</strong></span> <span class='ocrx_word' id='word_1_215' title='bbox 771 2326 862 2395; x_wconf 91' lang='lat' dir='ltr'><strong>qui</strong></span> <span class='ocrx_word' id='word_1_216' title='bbox 900 2325 1072 2379; x_wconf 89' lang='lat' dir='ltr'><strong>medio</strong></span> <span class='ocrx_word' id='word_1_217' title='bbox 1112 2325 1320 2378; x_wconf 90' lang='lat' dir='ltr'><strong>saeculo</strong></span> <span class='ocrx_word' id='word_1_218' title='bbox 1348 2324 1505 2378; x_wconf 87' lang='lat' dir='ltr'>XVII</span> <span class='ocrx_word' id='word_1_219' title='bbox 1530 2342 1750 2377; x_wconf 89' lang='lat' dir='ltr'><strong>munere</strong></span> <span class='ocrx_word' id='word_1_220' title='bbox 1791 2324 2029 2377; x_wconf 80' lang='lat' dir='ltr'><strong>custodis</strong></span> <span class='ocrx_word' id='word_1_221' title='bbox 2067 2325 2439 2394; x_wconf 86' lang='lat' dir='ltr'><strong>bybliothecae</strong></span> <span class='ocrx_word' id='word_1_222' title='bbox 2464 2325 2615 2381; x_wconf 87' lang='lat' dir='ltr'><strong>Vati-</strong></span> 
     </span>
     <span class='ocr_line' id='line_1_25' title="bbox 450 2409 2617 2484; baseline 0.002 -22"><span class='ocrx_word' id='word_1_223' title='bbox 450 2428 613 2463; x_wconf 87' lang='lat' dir='ltr'><strong>canae</strong></span> <span class='ocrx_word' id='word_1_224' title='bbox 651 2410 991 2480; x_wconf 80' lang='lat' dir='ltr'><strong>fungebatur.</strong></span> <span class='ocrx_word' id='word_1_225' title='bbox 1057 2410 1314 2462; x_wconf 89' lang='lat' dir='ltr'><strong>volumini</strong></span> <span class='ocrx_word' id='word_1_226' title='bbox 1353 2427 1496 2463; x_wconf 88' lang='lat' dir='ltr'><strong>nunc</strong></span> <span class='ocrx_word' id='word_1_227' title='bbox 1532 2410 1850 2479; x_wconf 90' lang='lat' dir='ltr'><strong>inscriptum</strong></span> <span class='ocrx_word' id='word_1_228' title='bbox 1889 2409 1946 2463; x_wconf 83' lang='lat' dir='ltr'><strong>C.</strong></span> <span class='ocrx_word' id='word_1_229' title='bbox 1979 2410 2058 2462; x_wconf 87' lang='lat'><strong>13.</strong></span> <span class='ocrx_word' id='word_1_230' title='bbox 2122 2411 2476 2480; x_wconf 85' lang='lat' dir='ltr'><strong>grammatica</strong></span> <span class='ocrx_word' id='word_1_231' title='bbox 2499 2412 2617 2484; x_wconf 82' lang='lat' dir='ltr'><strong>ipsa</strong></span> 
     </span>
     <span class='ocr_line' id='line_1_26' title="bbox 447 2494 2614 2566; baseline 0.002 -20"><span class='ocrx_word' id='word_1_232' title='bbox 447 2495 644 2564; x_wconf 87' lang='lat' dir='ltr'><strong>legitur</strong></span> <span class='ocrx_word' id='word_1_233' title='bbox 689 2513 723 2563; x_wconf 94' lang='lat' dir='ltr'><strong>p</strong></span> <span class='ocrx_word' id='word_1_234' title='bbox 762 2495 983 2564; x_wconf 82' lang='lat'>6—153</span> <span class='ocrx_word' id='word_1_235' title='bbox 1030 2496 1086 2547; x_wconf 92' lang='lat' dir='ltr'><strong>in</strong></span> <span class='ocrx_word' id='word_1_236' title='bbox 1135 2495 1324 2547; x_wconf 89' lang='lat' dir='ltr'><strong>ceteris</strong></span> <span class='ocrx_word' id='word_1_237' title='bbox 1371 2494 1720 2547; x_wconf 85' lang='lat' dir='ltr'><strong>inveniuntur</strong></span> <span class='ocrx_word' id='word_1_238' title='bbox 1767 2494 1973 2548; x_wconf 91' lang='lat' dir='ltr'><strong>scholia</strong></span> <span class='ocrx_word' id='word_1_239' title='bbox 2022 2497 2181 2564; x_wconf 87' lang='lat' dir='ltr'><strong>atque</strong></span> <span class='ocrx_word' id='word_1_240' title='bbox 2227 2496 2614 2566; x_wconf 83' lang='lat' dir='ltr'><strong>supplementa.</strong></span> 
     </span>
     <span class='ocr_line' id='line_1_27' title="bbox 444 2578 2673 2651; baseline 0 -21"><span class='ocrx_word' id='word_1_241' title='bbox 444 2578 593 2640; x_wconf 81' lang='lat' dir='ltr'><strong>Quod</strong></span> <span class='ocrx_word' id='word_1_242' title='bbox 632 2596 754 2631; x_wconf 85' lang='lat' dir='ltr'><strong>vero</strong></span> <span class='ocrx_word' id='word_1_243' title='bbox 803 2597 865 2631; x_wconf 85' lang='lat' dir='ltr'><strong>ex</strong></span> <span class='ocrx_word' id='word_1_244' title='bbox 911 2579 1015 2633; x_wconf 92' lang='lat' dir='ltr'><strong>hoc</strong></span> <span class='ocrx_word' id='word_1_245' title='bbox 1067 2579 1203 2632; x_wconf 92' lang='lat' dir='ltr'><strong>libro</strong></span> <span class='ocrx_word' id='word_1_246' title='bbox 1242 2579 1467 2632; x_wconf 88' lang='lat' dir='ltr'><strong>edidisse</strong></span> <span class='ocrx_word' id='word_1_247' title='bbox 1506 2597 1562 2632; x_wconf 91' lang='lat' dir='ltr'><strong>se</strong></span> <span class='ocrx_word' id='word_1_248' title='bbox 1602 2581 1771 2631; x_wconf 89' lang='lat' dir='ltr'><strong>artem</strong></span> <span class='ocrx_word' id='word_1_249' title='bbox 1808 2579 2083 2632; x_wconf 82' lang='lat' dir='ltr'><strong>Fabricius</strong></span> <span class='ocrx_word' id='word_1_250' title='bbox 2122 2580 2276 2649; x_wconf 91' lang='lat' dir='ltr'><strong>dicit,</strong></span> <span class='ocrx_word' id='word_1_251' title='bbox 2315 2582 2673 2651; x_wconf 72' lang='lat' dir='ltr'><strong>permirumss</strong></span> 
     </span>
     <span class='ocr_line' id='line_1_28' title="bbox 444 2663 2612 2736; baseline 0.003 -21"><span class='ocrx_word' id='word_1_252' title='bbox 444 2667 542 2716; x_wconf 88' lang='lat' dir='ltr'><strong>est.</strong></span> <span class='ocrx_word' id='word_1_253' title='bbox 606 2664 803 2716; x_wconf 89' lang='lat' dir='ltr'><strong>etenim</strong></span> <span class='ocrx_word' id='word_1_254' title='bbox 842 2663 1153 2734; x_wconf 82' lang='lat' dir='ltr'><strong>apographi,</strong></span> <span class='ocrx_word' id='word_1_255' title='bbox 1193 2663 1331 2734; x_wconf 94' lang='lat' dir='ltr'><strong>quod</strong></span> <span class='ocrx_word' id='word_1_256' title='bbox 1360 2664 1472 2733; x_wconf 90' lang='lat' dir='ltr'><strong>ipse</strong></span> <span class='ocrx_word' id='word_1_257' title='bbox 1497 2682 1707 2734; x_wconf 90' lang='lat' dir='ltr'><strong>quoque</strong></span> <span class='ocrx_word' id='word_1_258' title='bbox 1735 2664 1957 2734; x_wconf 88' lang='lat' dir='ltr'><strong>contuli,</strong></span> <span class='ocrx_word' id='word_1_259' title='bbox 1990 2664 2287 2734; x_wconf 91' lang='lat' dir='ltr'><strong>scripturae</strong></span> <span class='ocrx_word' id='word_1_260' title='bbox 2312 2667 2612 2736; x_wconf 83' lang='lat' dir='ltr'><strong>peculiares</strong></span> 
     </span>
     <span class='ocr_line' id='line_1_29' title="bbox 444 2749 2614 2822; baseline 0.003 -21"><span class='ocrx_word' id='word_1_261' title='bbox 444 2749 725 2817; x_wconf 87' lang='lat' dir='ltr'><strong>perpaucis</strong></span> <span class='ocrx_word' id='word_1_262' title='bbox 753 2749 882 2802; x_wconf 89' lang='lat' dir='ltr'><strong>locis</strong></span> <span class='ocrx_word' id='word_1_263' title='bbox 908 2750 1200 2803; x_wconf 91' lang='lat' dir='ltr'><strong>concinunt</strong></span> <span class='ocrx_word' id='word_1_264' title='bbox 1224 2768 1342 2802; x_wconf 89' lang='lat' dir='ltr'><strong>cum</strong></span> <span class='ocrx_word' id='word_1_265' title='bbox 1369 2749 1601 2802; x_wconf 89' lang='lat' dir='ltr'><strong>editione</strong></span> <span class='ocrx_word' id='word_1_266' title='bbox 1623 2749 1957 2818; x_wconf 89' lang='lat' dir='ltr'><strong>Fabriciana,</strong></span> <span class='ocrx_word' id='word_1_267' title='bbox 1986 2749 2133 2802; x_wconf 86' lang='lat' dir='ltr'><strong>velut</strong></span> <span class='ocrx_word' id='word_1_268' title='bbox 2157 2751 2438 2822; x_wconf 91' lang='lat' dir='ltr'><strong>utrobique</strong></span> <span class='ocrx_word' id='word_1_269' title='bbox 2464 2751 2614 2807; x_wconf 86' lang='lat' dir='ltr'><strong>deest</strong></span> 
     </span>
     <span class='ocr_line' id='line_1_30' title="bbox 444 2833 2613 2905; baseline 0.004 -21"><span class='ocrx_word' id='word_1_270' title='bbox 444 2836 724 2904; x_wconf 86' lang='lat' dir='ltr'><strong>utrumque</strong></span> <span class='ocrx_word' id='word_1_271' title='bbox 773 2836 830 2887; x_wconf 82' lang='grc' dir='ltr'><strong>δὲ</strong></span> <span class='ocrx_word' id='word_1_272' title='bbox 876 2853 911 2903; x_wconf 95' lang='lat' dir='ltr'><strong>p</strong></span> <span class='ocrx_word' id='word_1_273' title='bbox 949 2834 1045 2902; x_wconf 86' lang='lat'><strong>49,</strong></span> <span class='ocrx_word' id='word_1_274' title='bbox 1093 2835 1147 2902; x_wconf 90' lang='lat' dir='ltr'><strong>l,</strong></span> <span class='ocrx_word' id='word_1_275' title='bbox 1198 2833 1477 2904; x_wconf 86' lang='lat' dir='ltr'><strong>utrobique</strong></span> <span class='ocrx_word' id='word_1_276' title='bbox 1525 2834 1777 2905; x_wconf 87' lang='lat' dir='ltr'><strong>leguntur</strong></span> <span class='ocrx_word' id='word_1_277' title='bbox 1829 2837 1987 2903; x_wconf 90' lang='lat' dir='ltr'><strong>(quae</strong></span> <span class='ocrx_word' id='word_1_278' title='bbox 2036 2834 2092 2886; x_wconf 92' lang='lat' dir='ltr'><strong>in</strong></span> <span class='ocrx_word' id='word_1_279' title='bbox 2130 2839 2390 2905; x_wconf 88' lang='lat' dir='ltr'><strong>apparatu</strong></span> <span class='ocrx_word' id='word_1_280' title='bbox 2429 2837 2613 2892; x_wconf 91' lang='lat' dir='ltr'><strong>critico</strong></span> 
     </span>
     <span class='ocr_line' id='line_1_31' title="bbox 444 2918 2612 2994; baseline 0.004 -25"><span class='ocrx_word' id='word_1_281' title='bbox 444 2936 553 2970; x_wconf 86' lang='lat' dir='ltr'><strong>non</strong></span> <span class='ocrx_word' id='word_1_282' title='bbox 609 2918 832 2990; x_wconf 84' lang='lat' dir='ltr'><strong>protuli)</strong></span> <span class='ocrx_word' id='word_1_283' title='bbox 888 2920 1167 2986; x_wconf 84' lang='grc' dir='ltr'>ἐκφέρεται</span> <span class='ocrx_word' id='word_1_284' title='bbox 1221 2938 1318 2988; x_wconf 93' lang='lat' dir='ltr'><strong>pro</strong></span> <span class='ocrx_word' id='word_1_285' title='bbox 1371 2920 1658 2987; x_wconf 83' lang='grc' dir='ltr'>ἐκφέρηται</span> <span class='ocrx_word' id='word_1_286' title='bbox 1702 2939 1737 2989; x_wconf 93' lang='lat' dir='ltr'><strong>p</strong></span> <span class='ocrx_word' id='word_1_287' title='bbox 1790 2920 1879 2989; x_wconf 87' lang='lat'><strong>18,</strong></span> <span class='ocrx_word' id='word_1_288' title='bbox 1922 2921 1948 2972; x_wconf 94' lang='lat'>1</span> <span class='ocrx_word' id='word_1_289' title='bbox 2006 2921 2060 2972; x_wconf 92' lang='lat' dir='ltr'><strong>et</strong></span> <span class='ocrx_word' id='word_1_290' title='bbox 2114 2921 2462 2990; x_wconf 83' lang='grc' dir='ltr'>ἐπιφέρονται</span> <span class='ocrx_word' id='word_1_291' title='bbox 2512 2941 2612 2994; x_wconf 90' lang='lat' dir='ltr'><strong>pro</strong></span> 
     </span>
     <span class='ocr_line' id='line_1_32' title="bbox 444 3003 2676 3080; baseline 0 -24"><span class='ocrx_word' id='word_1_292' title='bbox 444 3003 755 3069; x_wconf 82' lang='grc' dir='ltr'>ἐπιφέρηται</span> <span class='ocrx_word' id='word_1_293' title='bbox 794 3022 828 3072; x_wconf 93' lang='lat' dir='ltr'><strong>p</strong></span> <span class='ocrx_word' id='word_1_294' title='bbox 866 3005 1047 3070; x_wconf 85' lang='lat'><strong>21,1.</strong></span> <span class='ocrx_word' id='word_1_295' title='bbox 1124 3003 1327 3057; x_wconf 85' lang='lat' dir='ltr'><strong>Contra</strong></span> <span class='ocrx_word' id='word_1_296' title='bbox 1371 3004 1680 3073; x_wconf 87' lang='lat' dir='ltr'><strong>saepissime</strong></span> <span class='ocrx_word' id='word_1_297' title='bbox 1728 3005 1890 3058; x_wconf 89' lang='lat' dir='ltr'><strong>codex</strong></span> <span class='ocrx_word' id='word_1_298' title='bbox 1928 3004 2277 3059; x_wconf 86' lang='lat' dir='ltr'><strong>Parisinus</strong></span> <span class='ocrx_word' id='word_1_299' title='bbox 2313 3007 2456 3061; x_wconf 81' lang='lat'>2290</span> <span class='ocrx_word' id='word_1_300' title='bbox 2492 3007 2607 3080; x_wconf 87' lang='lat' dir='ltr'><strong>(A),</strong></span> <span class='ocrx_word' id='word_1_301' title='bbox 2631 3022 2676 3057; x_wconf 74' lang='lat' dir='ltr'><strong>so</strong></span> 
     </span>
     <span class='ocr_line' id='line_1_33' title="bbox 446 3086 2613 3161; baseline 0.004 -23"><span class='ocrx_word' id='word_1_302' title='bbox 446 3086 593 3139; x_wconf 80' lang='lat' dir='ltr'><strong>cuius</strong></span> <span class='ocrx_word' id='word_1_303' title='bbox 631 3087 883 3140; x_wconf 85' lang='lat' dir='ltr'><strong>lectiones</strong></span> <span class='ocrx_word' id='word_1_304' title='bbox 922 3091 1042 3157; x_wconf 91' lang='lat' dir='ltr'><strong>post</strong></span> <span class='ocrx_word' id='word_1_305' title='bbox 1081 3087 1382 3142; x_wconf 88' lang='lat' dir='ltr'><strong>Bekkerum</strong></span> <span class='ocrx_word' id='word_1_306' title='bbox 1430 3089 1837 3161; x_wconf 85' lang='lat' dir='ltr'><strong>diligentissime</strong></span> <span class='ocrx_word' id='word_1_307' title='bbox 1883 3091 1941 3143; x_wconf 92' lang='lat' dir='ltr'><strong>in</strong></span> <span class='ocrx_word' id='word_1_308' title='bbox 1989 3108 2167 3145; x_wconf 89' lang='lat' dir='ltr'><strong>meum</strong></span> <span class='ocrx_word' id='word_1_309' title='bbox 2213 3109 2365 3146; x_wconf 90' lang='lat' dir='ltr'><strong>usum</strong></span> <span class='ocrx_word' id='word_1_310' title='bbox 2401 3092 2613 3147; x_wconf 87' lang='lat' dir='ltr'><strong>Maxi-</strong></span> 
     </span>
     <span class='ocr_line' id='line_1_34' title="bbox 445 3171 2609 3251; baseline 0.005 -29"><span class='ocrx_word' id='word_1_311' title='bbox 445 3171 755 3224; x_wconf 87' lang='lat' dir='ltr'><strong>miliauus</strong></span> <span class='ocrx_word' id='word_1_312' title='bbox 784 3171 1046 3226; x_wconf 86' lang='lat' dir='ltr'><strong>Bonnet</strong></span> <span class='ocrx_word' id='word_1_313' title='bbox 1072 3174 1378 3243; x_wconf 81' lang='lat' dir='ltr'><strong>exscripsit,</strong></span> <span class='ocrx_word' id='word_1_314' title='bbox 1417 3173 1559 3227; x_wconf 91' lang='lat' dir='ltr'><strong>solus</strong></span> <span class='ocrx_word' id='word_1_315' title='bbox 1587 3193 1706 3227; x_wconf 91' lang='lat' dir='ltr'><strong>cum</strong></span> <span class='ocrx_word' id='word_1_316' title='bbox 1732 3174 1977 3228; x_wconf 87' lang='lat' dir='ltr'><strong>Fabricio</strong></span> <span class='ocrx_word' id='word_1_317' title='bbox 2006 3176 2296 3230; x_wconf 82' lang='lat' dir='ltr'><strong>consentit:</strong></span> <span class='ocrx_word' id='word_1_318' title='bbox 2338 3177 2457 3232; x_wconf 88' lang='lat' dir='ltr'><strong>vide</strong></span> <span class='ocrx_word' id='word_1_319' title='bbox 2482 3196 2529 3232; x_wconf 90' lang='lat' dir='ltr'><strong>e.</strong></span> <span class='ocrx_word' id='word_1_320' title='bbox 2556 3196 2609 3251; x_wconf 82' lang='lat' dir='ltr'><strong>g.</strong></span> 
     </span>
    </p>
   </div>
   <div class='ocr_carea' id='block_1_6' title="bbox 445 3256 2692 3751">
    <p class='ocr_par' dir='ltr' id='par_1_6' title="bbox 448 3256 1854 3326">
     <span class='ocr_line' id='line_1_35' title="bbox 448 3256 1854 3326; baseline 0.002 -17"><span class='ocrx_word' id='word_1_321' title='bbox 448 3274 481 3323; x_wconf 90' lang='lat' dir='ltr'><strong>p</strong></span> <span class='ocrx_word' id='word_1_322' title='bbox 538 3256 587 3319; x_wconf 85' lang='lat'><strong>5,</strong></span> <span class='ocrx_word' id='word_1_323' title='bbox 646 3259 679 3308; x_wconf 77' lang='lat'><em>2</em></span> <span class='ocrx_word' id='word_1_324' title='bbox 717 3261 855 3310; x_wconf 82' lang='grc' dir='ltr'>τοῖς·</span> <span class='ocrx_word' id='word_1_325' title='bbox 867 3261 1108 3324; x_wconf 85' lang='grc' dir='ltr'>ποιηταῖς</span> <span class='ocrx_word' id='word_1_326' title='bbox 1146 3259 1233 3310; x_wconf 89' lang='lat' dir='ltr'><strong>Af</strong></span> <span class='ocrx_word' id='word_1_327' title='bbox 1410 3261 1655 3326; x_wconf 72' lang='grc' dir='ltr'>ποιηταῖς</span> <span class='ocrx_word' id='word_1_328' title='bbox 1693 3261 1854 3312; x_wconf 86' lang='lat' dir='ltr'><strong>ceteri</strong></span> 
     </span>
    </p>

    <p class='ocr_par' dir='ltr' id='par_1_7' title="bbox 446 3340 2022 3410">
     <span class='ocr_line' id='line_1_36' title="bbox 446 3340 2022 3410; baseline 0.004 -19"><span class='ocrx_word' id='word_1_329' title='bbox 446 3378 481 3407; x_wconf 93' lang='lat'><em>„</em></span> <span class='ocrx_word' id='word_1_330' title='bbox 539 3341 587 3402; x_wconf 80' lang='lat'><strong>6,</strong></span> <span class='ocrx_word' id='word_1_331' title='bbox 644 3340 675 3392; x_wconf 89' lang='grc'>8</span> <span class='ocrx_word' id='word_1_332' title='bbox 714 3345 990 3407; x_wconf 85' lang='grc' dir='ltr'>διαςτολῆς</span> <span class='ocrx_word' id='word_1_333' title='bbox 1029 3343 1115 3395; x_wconf 88' lang='lat' dir='ltr'><strong>Af</strong></span> <span class='ocrx_word' id='word_1_334' title='bbox 1413 3348 1506 3409; x_wconf 88' lang='grc' dir='ltr'><strong>τῆς</strong></span> <span class='ocrx_word' id='word_1_335' title='bbox 1543 3347 1820 3410; x_wconf 84' lang='grc' dir='ltr'>διαςτολῆς</span> <span class='ocrx_word' id='word_1_336' title='bbox 1859 3345 2022 3398; x_wconf 88' lang='lat' dir='ltr'><strong>ceteri</strong></span> 
     </span>
    </p>

    <p class='ocr_par' dir='ltr' id='par_1_8' title="bbox 445 3416 2692 3578">
     <span class='ocr_line' id='line_1_37' title="bbox 445 3416 2692 3492; baseline 0.003 -18"><span class='ocrx_word' id='word_1_337' title='bbox 445 3463 478 3491; x_wconf 95' lang='lat'>„</span> <span class='ocrx_word' id='word_1_338' title='bbox 533 3424 583 3492; x_wconf 91' lang='lat'><strong>6,</strong></span> <span class='ocrx_word' id='word_1_339' title='bbox 611 3425 675 3476; x_wconf 88' lang='lat'><strong>10</strong></span> <span class='ocrx_word' id='word_1_340' title='bbox 711 3426 946 3480; x_wconf 84' lang='grc' dir='ltr'>ἐντόνως</span> <span class='ocrx_word' id='word_1_341' title='bbox 988 3426 1070 3478; x_wconf 89' lang='lat' dir='ltr'><strong>Af</strong></span> <span class='ocrx_word' id='word_1_342' title='bbox 1414 3428 1651 3483; x_wconf 85' lang='grc' dir='ltr'>εὐτόνως</span> <span class='ocrx_word' id='word_1_343' title='bbox 1689 3429 1850 3481; x_wconf 88' lang='lat' dir='ltr'><strong>ceteri</strong></span> <span class='ocrx_word' id='word_1_344' title='bbox 2631 3416 2692 3480; x_wconf 59' lang='grc' dir='ltr'><strong>ω’</strong></span> 
     </span>
     <span class='ocr_line' id='line_1_38' title="bbox 445 3509 1707 3578; baseline 0.006 -20"><span class='ocrx_word' id='word_1_345' title='bbox 445 3546 482 3575; x_wconf 89' lang='grc'><strong>,,</strong></span> <span class='ocrx_word' id='word_1_346' title='bbox 540 3509 591 3571; x_wconf 89' lang='grc'><strong>8,</strong></span> <span class='ocrx_word' id='word_1_347' title='bbox 655 3511 675 3559; x_wconf 94' lang='lat' dir='ltr'><strong>l</strong></span> <span class='ocrx_word' id='word_1_348' title='bbox 719 3514 792 3578; x_wconf 86' lang='grc' dir='ltr'><strong>πῇ</strong></span> <span class='ocrx_word' id='word_1_349' title='bbox 832 3510 913 3562; x_wconf 82' lang='lat' dir='ltr'><strong>Af</strong></span> <span class='ocrx_word' id='word_1_350' title='bbox 1410 3513 1510 3568; x_wconf 88' lang='grc' dir='ltr'>τίνι</span> <span class='ocrx_word' id='word_1_351' title='bbox 1547 3513 1707 3566; x_wconf 89' lang='lat' dir='ltr'><strong>ceteri</strong></span> 
     </span>
    </p>

    <p class='ocr_par' dir='ltr' id='par_1_9' title="bbox 445 3592 2605 3671">
     <span class='ocr_line' id='line_1_39' title="bbox 445 3592 2605 3671; baseline 0.006 -29"><span class='ocrx_word' id='word_1_352' title='bbox 445 3632 476 3659; x_wconf 90' lang='lat'><em>„</em></span> <span class='ocrx_word' id='word_1_353' title='bbox 533 3592 583 3658; x_wconf 79' lang='lat'><strong>9,</strong></span> <span class='ocrx_word' id='word_1_354' title='bbox 640 3593 674 3645; x_wconf 82' lang='lat'>5</span> <span class='ocrx_word' id='word_1_355' title='bbox 711 3593 855 3659; x_wconf 78' lang='grc' dir='ltr'>ἔχεαι</span> <span class='ocrx_word' id='word_1_356' title='bbox 896 3594 980 3646; x_wconf 89' lang='lat' dir='ltr'><strong>Af</strong></span> <span class='ocrx_word' id='word_1_357' title='bbox 1407 3597 1601 3664; x_wconf 87' lang='grc' dir='ltr'>εὔχεαι,</span> <span class='ocrx_word' id='word_1_358' title='bbox 1623 3597 1961 3667; x_wconf 86' lang='lat' dir='ltr'><strong>quodverum</strong></span> <span class='ocrx_word' id='word_1_359' title='bbox 1983 3600 2081 3664; x_wconf 91' lang='lat' dir='ltr'><strong>est,</strong></span> <span class='ocrx_word' id='word_1_360' title='bbox 2100 3598 2605 3671; x_wconf 69' lang='lat' dir='ltr'><strong>plerique;&amp;xeu1H</strong></span> 
     </span>
    </p>

    <p class='ocr_par' dir='ltr' id='par_1_10' title="bbox 446 3677 2445 3751">
     <span class='ocr_line' id='line_1_40' title="bbox 446 3677 2445 3751; baseline 0.006 -24"><span class='ocrx_word' id='word_1_361' title='bbox 446 3717 474 3738; x_wconf 90' lang='lat'><strong>„</strong></span> <span class='ocrx_word' id='word_1_362' title='bbox 502 3677 580 3740; x_wconf 85' lang='lat'><strong>19,</strong></span> <span class='ocrx_word' id='word_1_363' title='bbox 638 3678 672 3729; x_wconf 89' lang='grc'><strong>4</strong></span> <span class='ocrx_word' id='word_1_364' title='bbox 710 3678 848 3733; x_wconf 85' lang='grc' dir='ltr'>ἅπαξ</span> <span class='ocrx_word' id='word_1_365' title='bbox 888 3679 974 3730; x_wconf 82' lang='lat' dir='ltr'><strong>Af</strong></span> <span class='ocrx_word' id='word_1_366' title='bbox 1410 3682 1559 3748; x_wconf 88' lang='grc' dir='ltr'>ἄραψ</span> <span class='ocrx_word' id='word_1_367' title='bbox 1598 3682 1813 3751; x_wconf 69' lang='lat' dir='ltr'><strong>optimi,</strong></span> <span class='ocrx_word' id='word_1_368' title='bbox 1853 3682 1983 3750; x_wconf 87' lang='grc' dir='ltr'>ἄραξ</span> <span class='ocrx_word' id='word_1_369' title='bbox 2022 3683 2074 3736; x_wconf 90' lang='grc' dir='ltr'>Η</span> <span class='ocrx_word' id='word_1_370' title='bbox 2113 3687 2168 3738; x_wconf 89' lang='lat' dir='ltr'><strong>et</strong></span> <span class='ocrx_word' id='word_1_371' title='bbox 2209 3685 2445 3739; x_wconf 88' lang='lat' dir='ltr'><strong>Venetus</strong></span> 
     </span>
    </p>
   </div>
   <div class='ocr_carea' id='block_1_7' title="bbox 447 3831 2670 3963">
    <p class='ocr_par' dir='ltr' id='par_1_11' title="bbox 447 3831 2670 3963">
     <span class='ocr_line' id='line_1_41' title="bbox 565 3831 2606 3898; baseline 0.007 -25"><span class='ocrx_word' id='word_1_372' title='bbox 565 3832 605 3886; x_wconf 88' lang='lat'><strong>1)</strong></span> <span class='ocrx_word' id='word_1_373' title='bbox 635 3831 679 3874; x_wconf 85' lang='lat' dir='ltr'><strong>in</strong></span> <span class='ocrx_word' id='word_1_374' title='bbox 723 3831 1025 3877; x_wconf 81' lang='lat' dir='ltr'><strong>adnotatione</strong></span> <span class='ocrx_word' id='word_1_375' title='bbox 1065 3834 1124 3877; x_wconf 87' lang='lat' dir='ltr'><strong>ad</strong></span> <span class='ocrx_word' id='word_1_376' title='bbox 1163 3834 1602 3891; x_wconf 83' lang='lat' dir='ltr'><strong>Harpocrationem,</strong></span> <span class='ocrx_word' id='word_1_377' title='bbox 1633 3835 1818 3893; x_wconf 87' lang='lat' dir='ltr'><strong>opinor,</strong></span> <span class='ocrx_word' id='word_1_378' title='bbox 1865 3837 1953 3882; x_wconf 89' lang='lat' dir='ltr'><strong>hoc</strong></span> <span class='ocrx_word' id='word_1_379' title='bbox 1992 3838 2235 3884; x_wconf 87' lang='lat' dir='ltr'><strong>consilium</strong></span> <span class='ocrx_word' id='word_1_380' title='bbox 2277 3840 2483 3898; x_wconf 85' lang='lat' dir='ltr'><strong>aperuit;</strong></span> <span class='ocrx_word' id='word_1_381' title='bbox 2524 3842 2606 3888; x_wconf 84' lang='lat' dir='ltr'><strong>sed</strong></span> 
     </span>
     <span class='ocr_line' id='line_1_42' title="bbox 447 3898 2670 3963; baseline 0.01 -22"><span class='ocrx_word' id='word_1_382' title='bbox 447 3898 597 3942; x_wconf 91' lang='lat' dir='ltr'><strong>locum</strong></span> <span class='ocrx_word' id='word_1_383' title='bbox 633 3900 915 3958; x_wconf 84' lang='lat' dir='ltr'><strong>investigare</strong></span> <span class='ocrx_word' id='word_1_384' title='bbox 946 3918 1066 3947; x_wconf 89' lang='lat' dir='ltr'><strong>nunc</strong></span> <span class='ocrx_word' id='word_1_385' title='bbox 1096 3917 1186 3948; x_wconf 89' lang='lat' dir='ltr'><strong>non</strong></span> <span class='ocrx_word' id='word_1_386' title='bbox 1217 3905 1363 3962; x_wconf 86' lang='lat' dir='ltr'><strong>potui.</strong></span> <span class='ocrx_word' id='word_1_387' title='bbox 2626 3929 2670 3963; x_wconf 77' lang='lat'><strong>40</strong></span> 
     </span>
    </p>
   </div>
   <div class='ocr_carea' id='block_1_8' title="bbox 447 3938 2607 4112">
    <p class='ocr_par' dir='ltr' id='par_1_12' title="bbox 447 3938 2607 4112">
     <span class='ocr_line' id='line_1_43' title="bbox 558 3938 2607 4051; baseline 0.008 -39"><span class='ocrx_word' id='word_1_388' title='bbox 558 3974 607 4021; x_wconf 78' lang='grc'><strong>2)</strong></span> <span class='ocrx_word' id='word_1_389' title='bbox 640 3971 697 4013; x_wconf 79' lang='lat' dir='ltr'><strong>ad</strong></span> <span class='ocrx_word' id='word_1_390' title='bbox 736 3971 1042 4051; x_wconf 81' lang='lat' dir='ltr'><strong>Pomponium</strong></span> <span class='ocrx_word' id='word_1_391' title='bbox 1075 3973 1247 4020; x_wconf 85' lang='lat' dir='ltr'><strong>Melam</strong></span> <span class='ocrx_word' id='word_1_392' title='bbox 1286 3975 1376 4019; x_wconf 91' lang='lat' dir='ltr'><strong>lib</strong></span> <span class='ocrx_word' id='word_1_393' title='bbox 1402 3976 1419 4018; x_wconf 94' lang='lat'>1</span> <span class='ocrx_word' id='word_1_394' title='bbox 1451 3990 1488 4021; x_wconf 88' lang='lat' dir='ltr'><strong>c.</strong></span> <span class='ocrx_word' id='word_1_395' title='bbox 1517 3982 1545 4021; x_wconf 88' lang='lat'>8</span> <span class='ocrx_word' id='word_1_396' title='bbox 1574 3992 1605 4035; x_wconf 90' lang='lat' dir='ltr'><strong>p</strong></span> <span class='ocrx_word' id='word_1_397' title='bbox 1636 3982 1711 4032; x_wconf 81' lang='lat'><strong>45,</strong></span> <span class='ocrx_word' id='word_1_398' title='bbox 1751 3979 1999 4034; x_wconf 83' lang='lat' dir='ltr'><strong>postquam</strong></span> <span class='ocrx_word' id='word_1_399' title='bbox 2041 3938 2098 4025; x_wconf 81' lang='lat' dir='ltr'><strong>de</strong></span> <span class='ocrx_word' id='word_1_400' title='bbox 2134 3982 2370 4038; x_wconf 86' lang='grc' dir='ltr'>πεπλήγω</span> <span class='ocrx_word' id='word_1_401' title='bbox 2408 3983 2607 4029; x_wconf 77' lang='grc' dir='ltr'>δεδοίκω</span> 
     </span>
     <span class='ocr_line' id='line_1_44' title="bbox 447 4040 2601 4112; baseline 0.009 -31"><span class='ocrx_word' id='word_1_402' title='bbox 447 4040 620 4083; x_wconf 82' lang='grc' dir='ltr'>ὁλώλω</span> <span class='ocrx_word' id='word_1_403' title='bbox 659 4042 799 4096; x_wconf 79' lang='lat' dir='ltr'><strong>dixit,</strong></span> <span class='ocrx_word' id='word_1_404' title='bbox 840 4042 903 4087; x_wconf 84' lang='lat' dir='ltr'><strong>sic</strong></span> <span class='ocrx_word' id='word_1_405' title='bbox 943 4045 1118 4101; x_wconf 82' lang='lat' dir='ltr'><strong>pergit:</strong></span> <span class='ocrx_word' id='word_1_406' title='bbox 1156 4058 1311 4091; x_wconf 84' lang='lat' dir='ltr'><strong>verum</strong></span> <span class='ocrx_word' id='word_1_407' title='bbox 1342 4046 1398 4091; x_wconf 88' lang='lat' dir='ltr'><strong>de</strong></span> <span class='ocrx_word' id='word_1_408' title='bbox 1433 4048 1505 4092; x_wconf 80' lang='lat' dir='ltr'><strong>his</strong></span> <span class='ocrx_word' id='word_1_409' title='bbox 1535 4048 1599 4093; x_wconf 87' lang='lat' dir='ltr'><strong>ad</strong></span> <span class='ocrx_word' id='word_1_410' title='bbox 1629 4047 1912 4105; x_wconf 73' lang='lat' dir='ltr'><strong>Dionysium</strong></span> <span class='ocrx_word' id='word_1_411' title='bbox 1943 4050 2162 4098; x_wconf 82' lang='lat' dir='ltr'><strong>Thracem</strong></span> <span class='ocrx_word' id='word_1_412' title='bbox 2191 4053 2376 4098; x_wconf 78' lang='lat' dir='ltr'><strong>uberius</strong></span> <span class='ocrx_word' id='word_1_413' title='bbox 2404 4067 2601 4112; x_wconf 63' lang='lat' dir='ltr'><strong>agemus.</strong></span> 
     </span>
    </p>
   </div>
  </div>
 </body>
</html>
