2808 4394
371 271 440 323 86
910 271 935 319 s
974 272 1041 311 19.
1071 273 1127 312 20
1158 268 1247 325 (24.
1283 270 1355 321 25)
1415 266 1505 310 EX
1543 266 1691 315 REO.
1731 266 1997 311 PRIORE

474 395 480 403 “
512 397 650 465 <26>
690 397 778 450 Τὰ
806 397 866 449 δὲ
903 399 1182 465 θειαεμοῡ,
1222 395 1343 450 οἷον
1382 395 1527 449 εὐοῖ
1565 396 1737 450 εὔὰν.
2556 404 2704 444 pem,

1034 581 1059 630 s
1091 586 1145 626 20
1177 581 1308 636 (25b)
1340 559 1471 625 Περὶ
1505 562 1874 626 εγΝΔέεΜοΥ
2557 586 2600 619 20

514 683 809 748 (ύνδεεμόε
856 682 959 735 {cn
1008 682 1147 737 λέξις
1191 682 1483 735 ευνδέουεα
1530 681 1774 734 διάνοιαν
1822 682 1952 745 μετὰ
1988 680 2185 735 τάξεως
2222 681 2306 734 καὶ
2342 670 2404 734 τὸ
2442 683 2536 745 τῆς

370 768 645 834 ἑρμηνεία(
682 768 906 832 κεχηνὸς
942 768 1193 832 δηλοῦεα.
2510 765 2514 768 ’

375 965 742 1022 [DISGREPANTIA
781 978 1049 1008 SCRIPTVRAE
1087 980 1137 1007 IN
1175 963 1666 1020 MLGBTVHAfb]
1814 964 1839 1007 1
1879 963 2026 1008 εὔ.οἵ
2061 962 2195 1017 ML¹‚
2240 962 2295 1006 L²
2332 964 2538 1020 priorem

373 1039 563 1080 acutum
600 1036 650 1077 in
696 1034 1045 1078 circumflexum
1090 1035 1294 1078 mutavit
1331 1036 1378 1078 et
1423 1034 1624 1078 alterum
1664 1034 1871 1088 induxit,
1923 1035 1974 1078 εὖ
2006 1035 2052 1078 οἵ
2091 1031 2153 1087 Gr,
2202 1034 2300 1078 εὐοὶ
2332 1033 2391 1087 Τ,
2438 1034 2538 1078 εὐοῖ

372 1106 593 1156 BVAfb,
625 1110 678 1151 ἐῖι
709 1111 752 1150 οἿ
781 1105 826 1148 Η
871 1107 877 1161 Ι
1008 1106 1167 1149 εὕ.ἅν
1199 1104 1273 1158 Μ,
1309 1106 1468 1149 εὔ.ἄν
1498 1105 1556 1160 L,
1589 1107 1641 1149 εὖ
1672 1106 1730 1148 ἅν
1763 1104 1824 1159 G,
1859 1105 1972 1149 εὐάν
2002 1103 2274 1159 BTVAfb,
2307 1105 2464 1149 ἑυ.ὰν
2495 1108 2539 1147 H

371 1179 386 1235 Η
499 1177 528 1237 2
566 1180 673 1233 περὶ
704 1177 955 1229 (υνδέεμου
985 1174 1270 1221 ML²GBV2
1305 1189 1382 1219 om
1413 1175 1492 1231 L1,
1533 1178 1640 1231 περὶ
1679 1177 1947 1230 ευνδέεμων
1976 1174 2181 1218 THAfb
2238 1177 2243 1230 Ι
2382 1177 2432 1218 in
2469 1174 2538 1218 in-

370 1247 572 1292 tervallo
605 1248 928 1291 columnarum
959 1247 1019 1291 ad
1047 1246 1253 1289 indicem
1283 1246 1508 1302 postremi
1530 1246 1698 1303 capitis
1729 1246 1788 1290 ab
1818 1246 1875 1289 L²
1905 1245 2187 1302 adscriptum
2226 1247 2279 1297 Η,
2311 1245 2367 1289 ut
2395 1245 2538 1302 signi-

372 1319 593 1362 ficaretur
637 1318 806 1362 octava
851 1317 1075 1361 orationis
1120 1330 1230 1373 pars
1279 1318 1295 1372 ΙΙ
1431 1316 1462 1361 3
1507 1317 1705 1373 τάξεως]
1756 1318 1928 1361 λέξεως
1969 1315 2056 1360 GB
2108 1317 2123 1372 ΙΙ
2258 1317 2290 1361 4
2335 1318 2541 1381 δηλοῦεα

374 1388 609 1443 MLGB1‚
642 1391 885 1445 πληροῦεα
916 1386 1202 1440 TVHAfb,
1233 1387 1360 1430 idem
1391 1401 1532 1443 supra
1562 1390 1770 1441 δηλοῦεα
1799 1387 1983 1445 scripsit
2011 1386 2070 1430 Β2

374 1543 767 1617 [ΒτεοΒΕΡᾸΝΤῙΑΕ
783 1574 837 1601 m·
847 1573 1122 1602 TESTIMONIA
1134 1572 1426 1602 scuomonvu
1439 1559 1505 1611 (Σ
1513 1568 1548 1602 σ
1559 1559 1611 1611 λ)
1622 1572 1926 1601 EROTEMATVM
1937 1558 2014 1613 (E)
2032 1572 2233 1602 ALIORVM
2245 1558 2538 1613 sommonvu]

372 1630 776 1684 πλευετέονῗ).
838 1628 994 1672 Photii
1029 1628 1122 1672 lex.
1163 1643 1198 1672 s,
1240 1629 1513 1684 πολεμητέα
1551 1649 1606 1664 =
1644 1628 1772 1671 Suid.
1804 1643 1838 1672 s.
1871 1628 2037 1673 eadem
2082 1642 2222 1673 voce:
2270 1628 2543 1684 πολεμητέα

374 1703 496 1746 εἶναι
527 1702 579 1745 ἐν
610 1703 741 1756 τάχει
771 1699 1061 1757 <Thucydl
1094 1700 1184 1755 79>
1215 1701 1321 1743 ἀντὶ
1351 1704 1436 1744 τοῦ
1469 1701 1568 1743 δεῖν
1600 1702 1837 1753 πολεμεῖν.
1892 1699 2044 1743 ἰετέον
2075 1701 2126 1743 δέ
2156 1702 2228 1744 ὅτι
2258 1701 2318 1744 τὰ
2347 1703 2544 1744 τοιαῦτα

373 1774 532 1817 Θετικὰ
563 1773 859 1828 ἐπιρρήματα
889 1772 1072 1825 έχουειν
1104 1771 1155 1815 ἐν
1187 1773 1348 1814 αὑτοῖς
1380 1772 1408 1825 ἢ
1440 1771 1528 1825 χρή
1561 1772 1589 1824 ἢ
1621 1770 1678 1813 τὸ
1709 1772 1799 1823 δεῖ,
1841 1770 1944 1815 οἶον
1984 1771 2277 1826 γαμητέον
2318 1771 2425 1814 ἀντὶ
2453 1773 2542 1815 τοῦ

372 1845 461 1900 χρὴ
494 1847 715 1898 γαμῆεαι,
756 1844 784 1897 ἢ
818 1842 1140 1886 πλευετέον
1179 1841 1286 1885 ἀντὶ
1315 1845 1402 1884 τοῦ
1434 1843 1504 1884 δεῖ
1536 1843 1752 1896 πλεῡεαι,
1793 1843 1868 1885 καὶ
1900 1842 1955 1885 οὐ
1999 1843 2269 1897 παραδοτέα
2298 1840 2544 1898 <Thucyd.

373 1915 394 1957 I
426 1914 514 1971 86>
546 1914 652 1958 ἀντὶ
682 1917 770 1957 τοῦ
803 1914 859 1957 οὐ
891 1915 978 1969 χρὴ
1012 1914 1317 1967 παραδοῦναι.
1379 1911 1622 1968 Syncellus
1653 1912 1719 1955 fol
1750 1917 1875 1956 201v:
1908 1913 1967 1956 τὰ
2000 1914 2161 1957 θετικὰ
2191 1914 2241 1957 δὲ
2271 1913 2391 1969 πρὸ(
2422 1914 2542 1956 δοτι-

373 1987 463 2040 κὴν
501 1986 577 2028 καὶ
616 1984 878 2038 αἰτιατικὴν
918 1983 1238 2037 (υντὰεεεται,
1281 1983 1385 2027 οἷον
1423 1984 1715 2038 γραπτέον
1754 1984 1886 2038 ὑμῖν
1925 1985 2001 2027 καὶ
2041 1984 2342 2038 γραπτέον
2386 1985 2543 2037 ὑμᾶς.

373 2058 477 2100 {ce’
507 2057 589 2099 ὅτε
627 2057 703 2099 καὶ
742 2056 885 2110 χωρὶς
926 2055 1155 2109 ἐπιφορᾶς
1204 2055 1434 2099 πτώεεωε
1473 2054 1706 2108 λεγόμενα
1745 2054 2022 2109 ἀπολύτωε,
2063 2054 2166 2098 οἷον
2205 2053 2398 2098 ἰετέον
2438 2054 2544 2098 ἀντὶ

372 2131 458 2170 τοῦ
491 2128 562 2170 δεῖ
593 2126 777 2170 εἰδέναι.
840 2124 909 2167 Ex
939 2124 1096 2168 latinis
1127 2123 1448 2182 grammaticis
1480 2124 1791 2168 conferendus
1821 2124 2082 2169 Priscianus
2111 2125 2162 2167 in
2191 2125 2392 2169 institut.
2421 2124 2544 2169 libro

372 2197 539 2241 ultimo
571 2196 636 2240 III
666 2201 790 2252 3245:
822 2195 910 2240 Illi
942 2195 1042 2250 (scil
1075 2194 1260 2250 Graeci)
1294 2197 1494 2240 λεκτέον
1525 2195 1621 2239 ἑττί
1651 2208 1741 2250 pro
1773 2199 1964 2251 ‘oportet
1998 2195 2191 2241 dicere’.
2251 2196 2463 2241 Πλάτων
2493 2197 2545 2241 ἐν

373 2269 614 2313 πολιτεία(
647 2269 674 2312 Γ
694 2299 854 2312 ......
885 2266 994 2310 hine
1012 2266 1218 2310 Romani
1245 2266 1480 2322 yerundia
1500 2266 1570 2310 vel
1599 2267 1774 2322 supina
1803 2267 2104 2311 invenerunt:
2134 2266 2323 2311 dicendi
2351 2266 2546 2312 dicendo

373 2338 621 2384 dicendum
666 2338 842 2382 dietum
887 2337 1029 2381 dictu.
1082 2338 1275 2393 proprie
1317 2341 1471 2381 autem
1507 2337 1561 2380 in
1599 2337 1710 2382 dum
1753 2338 2021 2382 terminatio
2059 2338 2270 2382 Atticum
2313 2337 2547 2395 siqnificat

373 2409 643 2454 adverbium
683 2408 910 2463 (Atticum
941 2407 1136 2464 egregie
1176 2406 1527 2452 Schoemannus
1557 2408 1782 2452 Fleckeis.
1817 2407 1982 2452 Annal.
2013 2410 2046 2451 t.
2079 2413 2133 2452 89
2163 2424 2196 2465 p
2227 2412 2310 2453 376
2342 2408 2547 2453 correxit

371 2481 421 2524 in
451 2479 710 2535 theticum),
744 2478 866 2534 quod
897 2479 1022 2522 omni
1052 2481 1207 2535 yeneri
1239 2483 1281 2522 et
1309 2491 1499 2523 numero
1530 2484 1572 2523 et
1595 2492 1820 2534 personae
1851 2484 1893 2523 et
1922 2480 2117 2535 temporz'
2149 2483 2298 2535 potest
2326 2480 2545 2537 adiunyi,

373 2556 427 2595 ut
457 2564 542 2606 eqs.
604 2549 862 2593 Palaemon
903 2562 978 2606 ap.
1011 2548 1185 2595 Charis.
1218 2549 1237 2592 Ι
1270 2553 1412 2605 18720:
1453 2550 1649 2594 Plinius
1687 2549 1928 2594 Secundus
1966 2551 2089 2594 inter
2127 2550 2350 2595 adverbia
2395 2551 2547 2608 quali-

371 2621 486 2666 tatis
517 2620 679 2676 posuit
718 2620 912 2664 dicendo
959 2620 1147 2677 leqendo
1186 2620 1371 2664 dicendi
1416 2620 1610 2677 leyendi.
1673 2620 1950 2676 quibuscum
1991 2621 2060 2664 cfr
2096 2619 2193 2663 EM
2233 2626 2376 2677 47929:
2417 2621 2546 2666 ἰτέον

375 2692 612 2747 ἐπίρρημα
643 2691 915 2747 ποιότητος.
958 2690 1114 2735 Ceteri
1143 2690 1193 2733 in
1223 2690 1480 2734 formarum
1510 2691 1774 2735 verbalium
1804 2704 1999 2734 numero
2030 2691 2270 2735 habebant
2299 2691 2544 2749 gerundia,

374 2775 662 2818 quamquam
702 2764 858 2818 ipsum
903 2761 1122 2819 gerundii
1175 2774 1349 2805 nomen
1386 2763 1582 2806 fortasse
1623 2761 1872 2805 oriundum
1921 2762 1992 2805 est
2037 2775 2094 2805 ex
2139 2775 2310 2819 graeco
2355 2763 2546 2808 θετικόν

374 2835 388 2890 Η
730 2832 756 2876 1
795 2834 854 2876 τὰ
885 2833 936 2876 δὲ
967 2834 1208 2889 θειαεμοῡ]
1244 2833 1550 2887 βακχευτικὸν
1580 2846 1753 2876 nomen
1785 2834 1982 2888 usurpat
2009 2832 2305 2877 Herodianus
2341 2833 2391 2876 in
2419 2833 2546 2891 frag-

375 2905 537 2948 mento
576 2903 687 2947 libri
726 2905 833 2958 περί
872 2907 1041 2948 παθῶν
1071 2902 1168 2946 ΕΜ
1199 2907 1320 2958 48114
1357 2904 1406 2946 et
1435 2902 1562 2959 apud
1591 2901 1799 2959 Theogn.
1830 2901 1919 2946 AO
1953 2903 1996 2946 II
2029 2907 2169 2960 15815,
2209 2917 2350 2959 quem
2387 2903 2543 2948 locum

377 2974 626 3019 emendavi
655 2988 772 3018 mus.
804 2974 954 3021 Rhen.
988 2977 1098 3017 1864
1127 2989 1157 3031 p
1190 2979 1242 3019 37
1298 2981 1305 3026 1
1704 2974 1806 3018 εὐοῖ
1837 2974 1966 3030 εὔὰν]
2005 2979 2055 3019 Σ
2082 2978 2200 3031 95119
2233 2973 2444 3031 (Steph):
2483 2976 2542 3020 τὸ

377 3047 429 3090 εὖ
462 3045 509 3090 οἷ
540 3045 591 3090 εὖ
623 3059 682 3089 αν
715 3043 800 3099 (sic
830 3044 893 3099 U,
935 3047 986 3090 εὖ
1019 3044 1067 3089 οἶ
1097 3045 1149 3089 εὖ
1181 3045 1239 3088 ἃν
1270 3044 1332 3100 Η)
1366 3046 1554 3098 ἀλόγως
1594 3046 1779 3089 δασεῖαν
1817 3045 2000 3099 ἔχουςιν
2032 3046 2084 3089 ἐν
2114 3049 2184 3101 τῷ
2224 3047 2370 3100 τέλει,
2416 3046 2544 3091 ἁπλᾶ

378 3118 515 3170 ὄντα,
563 3115 604 3160 εἰ
643 3116 706 3171 μή
744 3129 814 3160 τις
853 3117 962 3173 εἴπῃ
1001 3116 1059 3160 τὸ
1100 3117 1308 3171 εφοδρὸν
1353 3119 1541 3170 πνεῦμα
1577 3120 1677 3160 τοῖς
1722 3116 2041 3170 βακχιάζουειν
2086 3117 2317 3171 ἁρμόζειν.
2377 3115 2543 3162 eadem

377 3186 595 3243 exempla
631 3185 739 3242 plus
777 3186 991 3230 minusve
1031 3199 1177 3243 prave
1217 3186 1393 3243 script-a
1437 3185 1661 3230 exhibent
1700 3190 1751 3230 Σ
1778 3191 1881 3241 9517
1911 3185 2036 3241 (Hel)
2075 3191 2126 3231 Σ
2151 3191 2273 3241 951,0
2305 3185 2439 3243 (Mel)
2468 3189 2543 3232 Εες

379 3260 452 3301 Ev
475 3259 550 3301 ΕΙ)
573 3259 643 3301 Εῑ
680 3255 924 3312 Syncellus
954 3256 1020 3300 fol
1049 3261 1168 3301 208¹.
1229 3256 1538 3301 Scribendum
1579 3270 1677 3300 esse
1710 3270 1767 3300 ex
1798 3258 2012 3300 veterum
2050 3257 2371 3301 technicorum
2407 3270 2542 3314 prae-

381 3327 527 3384 ceptis
567 3327 669 3371 εὐοῖ
707 3327 1027 3371 demonstravi
1065 3341 1183 3375 mus,
1215 3328 1365 3372 Rhen.
1398 3332 1508 3371 1864
1537 3341 1568 3383 p
1601 3331 1669 3371 37.
1732 3328 1867 3381 εὔὰν,
1906 3341 2000 3371 non
2042 3329 2157 3371 εὐᾶν
2186 3328 2543 3383 pronuntiatum

381 3410 479 3440 esse
512 3397 681 3440 docent
711 3397 776 3440 Io.
809 3397 884 3441 Al.
918 3403 1010 3453 372⁷
1041 3399 1090 3442 et
1118 3403 1168 3443 Σ
1195 3403 1335 3454 94919:
1369 3400 1428 3442 τὰ
1459 3399 1509 3442 δὲ
1540 3397 1605 3442 εἰ(
1634 3402 1694 3441 {W
1736 3399 2004 3453 βαρύνεται·
2037 3398 2164 3453 λίαν,
2197 3399 2340 3452 ἄγαν,
2374 3399 2542 3454 πέραν.

379 3469 664 3522 ὀνοματικὸν
711 3468 824 3511 εὐάν
871 3470 1103 3524 βακχικόν.
1163 3468 1228 3512 sic
1266 3468 1476 3521 Bekker;
1520 3468 1627 3525 lege
1673 3469 1845 3523 πέραν,
1889 3468 2039 3512 τάλαν
2085 3469 2385 3523 ὀνοματικὸν,
2430 3470 2544 3514 εὔὰν

381 3540 602 3594 βακχικόν
633 3537 820 3581 conlato
853 3538 1123 3584 Herodiano
1156 3542 1262 3596 περὶ
1293 3541 1526 3596 διχρόνων
1557 3553 1587 3595 p
1620 3542 1734 3594 356⁸.
1795 3538 2141 3583 Interiectionis
2173 3540 2442 3596 exemplum
2472 3542 2545 3585 est

381 3609 540 3652 euchoe
558 3608 634 3652 vel
651 3608 786 3651 euhoe
801 3608 1075 3653 Palaemoni
1092 3610 1219 3668 apud
1239 3610 1418 3655 Charis.
1436 3609 1482 3652 in
1503 3609 1661 3655 adnot.
1682 3608 1743 3652 ad
1761 3609 1782 3651 I
1798 3613 1918 3664 {238²5
1928 3608 2138 3653 Romano
2156 3609 2284 3666 apud
2301 3610 2501 3654 eundem
2522 3611 2543 3654 I

379 3684 481 3736 *2413
514 3679 787 3723 Geminiano
829 3680 955 3735 apud
995 3680 1196 3724 eundem
1226 3681 1276 3724 in
1306 3680 1468 3725 adnot.
1497 3680 1559 3724 ad
1588 3680 1610 3723 Ι
1641 3684 1758 3734 238,9
1789 3679 1894 3734 (ubi
1924 3694 2007 3735 pro
2046 3681 2254 3725 vocantis
2289 3681 2543 3739 legendum

380 3751 644 3795 bacchantis
674 3749 749 3793 vel
781 3750 978 3804 euantis)
1013 3750 1205 3809 [Probo]
1241 3751 1305 3796 IV
1338 3756 1436 3807 1465
1467 3750 1705 3794 Prisciano
1736 3749 1802 3792 III
1833 3755 1906 3804 914
1926 3778 1960 3805 27
1991 3751 2006 3807 ΙΙ
2282 3752 2406 3797 3-4
2442 3753 2544 3797 (ύν-

383 3919 666 3976 [an'nonzs
695 3921 912 3977 Annaeum]
972 3921 997 3964 1
1029 3923 1266 3979 θειαεμοῦ]
1300 3923 1420 3966 hanc
1450 3921 1821 3979 appellationem
1850 3921 2007 3966 reddit
2035 3922 2225 3965 nomine
2246 3921 2372 3978 quod
2401 3921 2543 3979 signi-

381 3989 491 4034 ficat
520 3990 740 4035 furorem.
802 3990 936 4035 addit
966 3992 1183 4047 exempla
1213 3993 1420 4050 quinque
1471 3994 1489 4049 ΙΙ
1620 3990 1649 4036 2
1679 3994 1952 4048 (υνδέεμου,
1991 4005 2084 4036 non
2117 3993 2386 4047 (υνδέεμων
2529 3992 2546 4049 ΙΙ

381 4059 412 4104 8
446 4062 562 4114 μετὰ
592 4063 772 4107 τάξεως
802 4061 996 4119 legebat
1042 4062 1058 4117 ΙΙ
1193 4063 1225 4108 4
1254 4065 1474 4118 δηλοῡεα,
1505 4076 1598 4107 non
1629 4065 1873 4118 πληροῡεα
