2814 4400
399 266 547 311 XLVI
804 265 930 318 QVA
960 265 1234 311 RATIONE
1266 266 1428 312 HAEC
1458 266 1665 312 EDITIO
1697 266 2032 312 INSTITVTA
2064 266 2160 312 SIT

543 394 622 447 De
664 393 812 446 Iaco
830 395 903 446 bo
940 393 1073 447 Ede
1087 413 1279 448 sseno
1296 437 1308 460 ,
1348 395 1439 465 qui
1466 396 1717 464 (exeunte
1743 396 1954 448 saeculo
1980 395 2209 465 septimo
2237 396 2319 449 vel
2343 397 2564 450 ineunte

402 481 613 548 octavo)
653 482 767 531 arte
805 477 1030 532 Thracis
1069 483 1230 549 atque
1269 481 1429 533 etiam
1454 480 1742 534 Theodosii
1781 476 2072 533 canonibus
2096 499 2223 534 usus
2261 483 2357 547 est,
2396 499 2567 551 pauca

399 564 514 617 dixi
551 564 608 616 in
647 563 963 633 Appendice
999 582 1035 633 p
1061 564 1162 635 1113
1201 566 1356 635 plura
1394 565 1544 618 dabit
1579 564 1832 618 Merxius.

537 776 603 829 In
642 776 743 829 hac
778 778 934 830 tanta
971 777 1325 831 subsidiorum
1352 777 1693 832 multitudine
1718 778 1977 831 varietate
2004 780 2271 831 vetustate
2297 779 2566 833 existima·
2596 774 2597 777 ¹

399 861 535 915 verit
567 861 831 931 quispiam
867 863 942 930 ei,
980 861 1071 931 qui
1105 864 1274 915 artem
1308 862 1588 916 restituere
1623 862 1778 928 velit,
1818 862 2154 916 coiciendi
2192 881 2394 932 opera
2429 882 2564 936 opus
2606 877 2629 910 ⁵

395 947 807 1017 haudquaquam
840 965 969 1000 esse.
1044 966 1177 1017 opus
1213 951 1295 1000 est
1330 947 1471 1000 haud
1506 948 1691 1016 paucis
1729 948 1863 1001 locis
1897 949 2083 1016 procul
2119 947 2367 1016 dubio*),
2406 951 2567 1019 atque

395 1033 685 1086 clarissime
712 1035 935 1101 apparet
961 1050 1025 1085 ex
1059 1032 1161 1085 hac
1186 1031 1399 1101 techne,
1439 1036 1494 1085 et
1518 1051 1676 1102 quam
1702 1033 1917 1101 ineptae
1944 1033 2278 1102 corruptelae
2290 1034 2412 1086 iam
2438 1037 2567 1087 ante
2633 1071 2638 1073 -

394 1117 775 1187 Byzantiorum
812 1120 1055 1187 tempora
1087 1117 1145 1169 iu
1184 1118 1383 1187 scripta
1420 1121 1601 1171 vetera
1637 1118 1962 1187 inrepserint
2008 1121 2062 1171 et
2111 1137 2270 1187 quam
2313 1116 2566 1190 religiose

393 1203 515 1256 illae
554 1221 763 1272 quoque
799 1221 964 1271 usque
1002 1202 1069 1255 ad
1115 1203 1383 1255 saeculum
1422 1205 1669 1271 quartum
1707 1203 1970 1256 decimum
2008 1203 2119 1255 sint
2157 1207 2423 1257 servatae.
2491 1205 2568 1258 At
2607 1202 2611 1205 ’

392 1288 673 1341 emendare
730 1291 901 1339 artem
956 1287 1057 1339 erit
1110 1288 1363 1340 editionis
1412 1287 1654 1340 alterius:
1711 1306 1853 1340 nunc
1910 1306 2033 1357 qua
2086 1288 2356 1342 ratione
2402 1288 2562 1342 haec
2586 1291 2631 1335 10
2675 1339 2679 1341 Α
2773 1284 2814 1362 '-

392 1374 579 1442 prior
616 1372 939 1424 instituta
977 1371 1089 1439 sit,
1130 1373 1470 1441 explicemus,
2546 1444 2549 1446 ‚

533 1456 832 1510 Technes
871 1456 1038 1526 igitur
1064 1458 1263 1509 verba
1299 1457 1368 1510 ad
1394 1457 1716 1526 exemplaria
1743 1458 2066 1512 Monacense
2093 1458 2199 1531 (M)
2225 1461 2279 1511 et
2303 1446 2564 1514 Leidense

391 1543 481 1612 (L)
535 1543 613 1595 ita
662 1542 953 1594 constituta
1000 1544 1152 1610 sunt,
1207 1545 1269 1594 ut
1315 1542 1453 1595 nihil
1491 1542 1604 1595 fere
1642 1541 1772 1611 quin
1819 1542 1878 1594 in
1923 1545 2146 1614 utroque
2181 1544 2267 1611 vel
2303 1535 2562 1600 alterutro

389 1628 525 1681 libro
571 1627 899 1680 inveniretur
948 1627 1218 1698 posuerim
1257 1627 1492 1697 exceptis
1531 1627 1687 1680 rebus
1725 1627 2001 1697 graphicis
2040 1632 2094 1681 et
2131 1628 2561 1698 orthographicis
2613 1628 2616 1630 ⁷

388 1716 714 1783 exceptaque
753 1730 814 1764 ea
851 1705 1130 1765 enchiridii
1168 1713 1321 1781 parte
1347 1730 1481 1781 quae
1506 1715 1728 1782 propter
1753 1711 1942 1765 horum
1969 1713 2211 1767 codicum
2239 1714 2558 1769 detrimenta
2581 1728 2622 1761 1⁵

385 1800 442 1852 in
490 1802 680 1851 neutro
729 1797 926 1867 legitur
975 1800 1030 1866 (p
1055 1797 1416 1867 54,1—59‚4).
1501 1817 1533 1851 a
1583 1797 1987 1851 correctricibus
2034 1799 2279 1852 manibus
2325 1817 2459 1869 quae
2501 1801 2558 1853 in

387 1884 443 1936 M
470 1887 524 1936 et
549 1883 591 1935 L
630 1883 835 1935 adiecta
872 1886 1016 1947 sunt,
1054 1887 1208 1935 modo
1234 1882 1413 1952 recepi
1439 1883 1495 1935 in
1521 1883 1652 1936 artis
1677 1883 1857 1946 verba,
1888 1883 2044 1936 modo
2069 1884 2128 1936 in
2154 1884 2560 1938 adnotationem
2626 1895 2630 1899 “

386 1969 627 2022 criticam
683 1968 934 2037 relegavi.
1020 1967 1085 2020 In
1140 1967 1235 2020 illa
1282 1968 1571 2036 particula,
1626 1986 1733 2037 qua
1779 1967 1883 2020 ML
1931 1972 2139 2038 carent,
2195 1973 2403 2023 secutus
2440 1987 2559 2023 sum

389 2053 958 2118 Grottaferratensem3
998 2053 1234 2121 imprimi
1271 2070 1396 2106 vero
1424 2071 1540 2106 eam
1566 2053 1695 2106 iussi
1721 2053 1912 2106 litteris
1938 2053 2230 2123 inclinatiS,
2267 2057 2328 2107 ut
2351 2073 2560 2124 semper

386 2157 589 2191 memor
614 2156 755 2191 esses
780 2138 868 2191 hic
893 2155 993 2191 nos
1019 2138 1097 2190 uti
1123 2137 1250 2190 solis
1287 2137 1517 2211 testibus
1552 2137 1921 2191 deterioribus,
1999 2137 2372 2208 Compluribus
2408 2139 2559 2210 locis,
2579 2153 2624 2186 ²0

391 2207 480 2277 u⁰bi
528 2224 668 2293 quod
717 2224 869 2292 posui
919 2224 985 2275 ab
1035 2223 1203 2292 ipsius
1241 2221 1488 2292 Dionysii
1538 2241 1699 2275 manu
1738 2222 2039 2292 discrepare
2089 2222 2219 2276 mihi
2258 2225 2556 2292 constabat,

393 2309 561 2363 crucis
601 2309 814 2379 signum
853 2307 1057 2376 addidi3
1097 2307 1190 2365 sed
1225 2308 1339 2360 noli
1365 2311 1552 2377 putare
1580 2311 1784 2361 ceteros
1812 2326 1996 2361 omnes
2023 2308 2158 2362 mihi
2183 2309 2350 2380 vid-eri
2378 2327 2556 2366 sanos,

491 2393 666 2450 ,Huic
720 2395 944 2463 κειμένῳ
1001 2393 1204 2446 subieci
1251 2392 1758 2446 adnotationem
1808 2394 2152 2462 tripartitam.
2236 2413 2298 2448 ac
2346 2395 2558 2466 prima

383 2480 596 2550 quidem
634 2497 758 2548 pars
786 2485 1061 2530 enumerat
1083 2477 1344 2530 lectiones
1371 2478 1737 2546 discrepantes
1763 2496 1899 2546 quae
1924 2479 1981 2531 in
2008 2478 2329 2549 fragmentis
2358 2473 2556 2534 codicis
2611 2479 2614 2482 ⁴
2768 2510 2814 2552 ‚45

383 2563 738 2630 MonacensiS,
778 2563 969 2616 ceteris
995 2563 1143 2615 libris
1182 2581 1342 2615 manu
1381 2563 1594 2632 scriptis
1623 2562 2046 2632 (LGBTVHA),
2088 2563 2409 2618 editionibus
2448 2563 2556 2636 (fb)
2578 2575 2621 2608 8⁵
2710 2603 2716 2609 -

382 2650 745 2703 inveniuntur.
2750 2669 2768 2689 ’ν
2805 2669 2812 2678 ’

524 2734 755 2787 Altera
803 2751 927 2802 pars
976 2732 1380 2802 comprehendit
1425 2735 1479 2785 et
1525 2732 1915 2803 discrepantias
1963 2735 2017 2786 et
2053 2733 2365 2787 testimonia
2415 2752 2554 2805 quae

381 2822 567 2873 insunt
584 2823 677 2873 aut
687 2819 862 2871 inesse
880 2817 1048 2870 videri
1066 2819 1294 2887 possunt
1311 2817 1369 2870 iu
1390 2817 1608 2871 scholiis
1627 2818 1916 2872 maioribus
1935 2818 2419 2888 vetustioribusque
2436 2820 2549 2890 (Σ),

380 2908 437 2957 in
475 2903 908 2958 commentariolo
949 2902 1209 2972 Byzantio
1253 2903 1358 2975 (σ),
1397 2903 1452 2955 in
1492 2904 1661 2956 lexico
1687 2902 2126 2968 Bachmanniano
2153 2906 2262 2975 (λ),
2302 2905 2355 2956 in
2386 2908 2550 2959 erote-

383 2991 540 3043 matis
588 2989 782 3042 codicis
831 2987 1237 3058 Guelferbytani
1286 2989 1429 3058 (Eg),
1480 2988 1675 3041 codicis
1732 2987 2170 3042 Vratislaviensis
2220 2989 2332 3042 sive
2379 2988 2547 3044 Nilia·
2571 2994 2615 3032 ⁵⁰

381 3076 465 3128 nis
493 3079 628 3143 (Ev),
670 3074 917 3127 editionis
944 3073 1267 3127 Basileensis
1293 3075 1402 3127 sive
1431 3072 1810 3142 Moschopuliis
1838 3073 1984 3143 (Bb),
2015 3073 2212 3127 codicis
2238 3072 2549 3142 Tubingen-

383 3161 458 3213 sis
496 3160 636 3231 (Εἰ),
694 3159 921 3228 denique
967 3160 1022 3211 in
1072 3160 1420 3229 scriptoribus
1466 3159 1585 3211 aliis
1634 3158 1840 3227 graecis
1885 3158 2190 3228 latinisque.
2275 3160 2436 3228 atque
2484 3177 2549 3212 ex

382 3250 629 3314 quattuor
664 3244 770 3297 illis
809 3242 1142 3297 catechismis
1182 3250 1245 3297 ab
1274 3244 1522 3313 Dionysii
1549 3247 1662 3295 arte
1701 3243 1941 3295 oriundis
1979 3246 2033 3295 et
2070 3261 2133 3296 ex
2171 3242 2291 3296 aliis
2327 3243 2548 3312 scripto-

381 3331 526 3382 ribus
564 3347 674 3381 non
714 3329 882 3381 solum
921 3347 1008 3381 eas
1046 3329 1435 3399 discrepantias
1473 3327 1753 3396 exscripsi,
1805 3344 1940 3396 quae
1980 3326 2045 3379 ad
2072 3326 2307 3380 diversas
2325 3326 2547 3382 technes

382 3415 635 3467 lectiones
693 3414 1001 3467 referendae
1059 3414 1403 3480 videbantur,
1458 3414 1548 3475 sed
1604 3412 1801 3465 multas
1854 3429 2064 3480 quoque
2113 3428 2244 3480 quas
2291 3411 2349 3464 in
2399 3412 2545 3466 nullo
2567 3422 2611 3456 ⁸⁶

382 3517 630 3568 umquam
679 3498 846 3568 ipsius
894 3499 1022 3550 artis
1061 3498 1348 3568 exemplari
1397 3498 1561 3551 lectas
1611 3515 1724 3550 esse
1770 3496 2057 3549 verisimile
2095 3499 2189 3549 est.
2264 3495 2404 3565 quod
2443 3497 2544 3551 feci

521 3657 568 3712 ²¹³)
605 3655 729 3699 hunc
768 3654 919 3698 locum
959 3653 1096 3710 tetigi
1141 3655 1187 3697 in
1228 3654 1558 3698 dissertatione
1599 3654 1702 3697 Zur
1737 3650 2201 3708 Wiederherstelluny
2239 3651 2318 3696 des
2353 3651 2545 3697 dltesten

379 3726 790 3772 occidentalischen
838 3723 1194 3779 Compendiums
1247 3724 1329 3769 der
1375 3724 1666 3768 Grammatik
1713 3720 1943 3779 inscripta
1992 3721 2285 3776 (Festschriff
2328 3733 2414 3766 zur
2454 3721 2544 3767 Be-
2594 3731 2596 3733 “

380 3804 608 3855 yrvissuny
645 3797 726 3842 der
769 3792 1011 3840 XXXVI.
1044 3794 1653 3852 Philoloyenversammluny
1689 3808 1720 3851 p
1752 3793 1959 3847 61—85)‚
2009 3805 2150 3846 quam
2196 3791 2373 3837 dictavi
2418 3790 2543 3837 intra

378 3883 552 3925 paucos
591 3868 690 3912 dies
726 3867 869 3923 idque
901 3865 1101 3924 negotiis
1132 3865 1327 3909 obrutus
1359 3864 1668 3914 scholasticis,
1708 3876 1794 3907 nec
1823 3862 2034 3907 fecissem
2073 3861 2231 3908 hercle
2260 3863 2351 3907 nisi
2379 3862 2539 3908 deesse
2561 3866 2605 3899 ⁴⁰

379 3940 501 3983 nolle
535 3954 610 3984 me
642 3938 877 3995 dixissem,
910 3937 988 3981 ubi
1011 3935 1241 3993 philologi
1264 3934 1585 3980 Caroliruham
1607 3933 1937 3991 convenientes
1959 3934 2285 3978 salutarentur.
2342 3930 2539 3978 Factum

380 4011 535 4052 antem
579 4009 662 4052 illa
692 4007 989 4053 festinatione
1029 4009 1120 4060 est,
1161 4007 1212 4049 ut
1249 4020 1338 4050 non
1379 4005 1510 4050 nulla
1547 4004 1613 4048 ibi
1652 4004 1916 4048 dicerentur
1946 4016 2068 4059 quae
2098 4017 2221 4048 nunc
2251 4014 2344 4047 non
2374 4002 2539 4048 abesse

380 4079 565 4133 quidem
599 4079 680 4122 sed
712 4078 850 4123 aliter
879 4077 1007 4122 diota
1036 4076 1238 4121 mallem.
