2814 4400
747 263 813 307 IN
843 262 1063 316 QVIBVS
1094 262 1232 306 SYRI
1262 263 1331 319 (S)
1361 262 1692 308 LECTIONES
1722 264 1947 308 INSVNT
2287 265 2431 309 XCIII

277 408 497 443 nomen:
547 391 686 443 haec.
762 390 948 443 deinde
987 391 1133 442 deest
1179 391 1549 459 interpretatio
1587 393 1699 456 εἴδη
1740 393 1997 456 nominiS,
2050 394 2187 462 quod
2226 393 2431 444 librarii

278 474 432 543 culpa
476 474 675 526 factum
715 475 946 528 videtur:
992 494 1119 527 nam
1154 475 1296 526 infra
1333 474 1391 544 (p
1430 475 1514 544 68,
1540 475 1598 547 3)
1635 484 1758 543 post
1794 478 1993 546 figuras
2032 478 2191 530 etiam
2228 478 2430 546 species

275 563 592 612 tractantur.

416 701 477 752 ad
518 701 613 768 65,
643 702 695 754 1.
770 701 951 754 eadem
991 700 1203 770 legebat
1241 697 1298 755 S.

234 856 256 888 5
422 843 486 894 ad
526 841 621 909 65,
648 841 851 909 2-66,
881 841 932 896 1.
997 838 1063 896 S:
1099 859 1264 909 ,oenus
1290 859 1644 909 personarum
1674 845 1976 909 primarum
2013 842 2197 913 (verba
2228 845 2433 912 syriaca

274 932 454 995 aperte
492 931 742 996 corrupta
778 930 904 978 sunt
940 929 1097 994 atque
1134 927 1212 978 ita
1239 927 1552 996 corrigenda
1590 932 1650 978 ut
1687 928 2017 995 significent:
2056 930 2185 993 γένη
2224 946 2431 993 πρωτο-

275 1014 485 1080 τύπων)
513 1016 599 1065 διὰ
638 1014 733 1076 μὲν
772 1015 865 1075 τῆς
904 1015 1092 1083 φῳνῆε
1120 1013 1219 1064 οὐκ
1255 1013 1434 1063 omnia
1462 1013 1804 1078 διακρίνεται,
1833 1030 1926 1079 per
1949 1014 2279 1080 scriptionem
2315 1031 2433 1066 vero

274 1099 689 1165 distinqmmWr,
731 1096 850 1149 οἷον
889 1097 996 1157 ἐγώ
1034 1100 1081 1148 et
1118 1100 1191 1148 tu.
1254 1097 1381 1164 quin
1421 1098 1507 1149 διὰ
1537 1101 1628 1160 τῆς
1654 1101 1843 1162 φωνῆς
1870 1095 2031 1164 Syrus
2070 1097 2282 1165 legerit,
2323 1117 2433 1150 non

274 1181 482 1233 dubitat
517 1180 779 1244 Merxius‚
829 1180 918 1231 sed
966 1181 1113 1232 addit
1164 1181 1320 1232 verba
1366 1181 1570 1249 syriaca
1607 1181 1910 1249 significare
1936 1200 2038 1250 per
2071 1175 2243 1250 filiam
2280 1185 2432 1247 voci8‚

211 1281 252 1312 10
273 1266 413 1334 quod
459 1266 599 1317 idem
655 1283 768 1317 esse
815 1269 972 1334 atque
1000 1283 1101 1332 per
1136 1266 1458 1318 vocabulum.
1535 1266 1656 1334 quid
1707 1267 1838 1318 illud
1883 1267 2190 1335 scriptionis
2238 1285 2433 1319 nomen

273 1350 410 1419 quod
462 1349 601 1418 apud
639 1349 831 1418 Syrum
876 1352 1088 1406 δείξεως
1136 1349 1251 1401 loco
1298 1350 1570 1402 invenitur
1615 1352 1716 1403 sibi
1754 1351 1903 1417 velit,
1955 1351 2095 1404 disce
2143 1369 2205 1403 ex
2243 1351 2433 1404 Merxii

280 1435 628 1504 grammatica
666 1437 870 1502 syriaca
906 1434 931 1486 I
970 1454 1003 1503 p
1035 1436 1158 1487 118:
1202 1434 1334 1488 Cam
1370 1437 1581 1488 amissis
1604 1437 1868 1489 vocalibus
1891 1437 2142 1505 finalibus
2167 1438 2225 1488 in
2245 1437 2436 1502 formis

274 1521 586 1586 quibusdam
623 1522 894 1573 verborum
919 1524 967 1573 et
982 1522 1360 1588 pronominum
1384 1521 1679 1573 masculina
1717 1539 1752 1574 a
1772 1521 2048 1587 femininis
2071 1539 2179 1574 non
2204 1522 2434 1589 amplius

273 1607 528 1673 distinqui
560 1610 791 1672 possent,
842 1605 967 1673 Syri
979 1647 992 1672 ,
1040 1609 1099 1658 at
1133 1607 1400 1672 scriptura
1436 1610 1566 1658 certe
1602 1607 2022 1674 distinyuantur7
2065 1607 2339 1672 femininis
2375 1608 2434 1659 in

209 1706 250 1737 15
272 1692 377 1759 fine
422 1691 739 1743 addiderunt
781 1691 890 1756 ynd
932 1690 1185 1754 litteram,
1238 1691 1393 1756 idque
1439 1692 1500 1742 in
1533 1691 1743 1756 f'ormiS,
1791 1692 1850 1742 in
1888 1691 2078 1756 quibas
2115 1708 2177 1743 ex
2212 1691 2434 1745 historia

268 1776 568 1842 formarum
603 1774 797 1827 vocalis
832 1778 854 1826 i
891 1775 1058 1827 locam
1093 1791 1372 1841 nunqnam
1400 1776 1577 1841 potuit
1612 1776 1815 1827 habere.
1879 1774 1999 1827 Hoc
2036 1776 2198 1842 iyitur
2222 1792 2329 1827 non
2365 1780 2436 1852 est

271 1861 465 1913 vocalis
500 1863 764 1913 emortuae
800 1861 1027 1927 siynnm,
1064 1876 1244 1912 veram
1281 1859 1420 1911 nihil
1456 1863 1529 1911 est
1562 1861 1672 1912 nisi
1695 1861 1906 1926 siynnm
1931 1861 2263 1912 diacriticum
2285 1861 2434 1926 femi-

270 1946 521 1997 ninorum
556 1962 719 2011 neque
764 1962 1004 2012 unquam
1041 1944 1271 2011 effertur.
1346 1947 1577 1996 ceterum
1624 1945 1985 1997 animadverte
2024 1944 2215 2013 Syrum
2264 1945 2435 1998 dicere

271 2048 384 2082 non
420 2031 635 2081 omnia
672 2047 871 2099 genera
908 2033 1318 2098 prototyporum
1362 2047 1486 2081 voce
1525 2031 1634 2081 sive
1674 2030 1932 2082 vocabulo
1959 2030 2233 2098 distingui.
2297 2032 2434 2098 quod

207 2128 250 2160 20
271 2115 693 2167 additamentum
730 2115 1045 2166 inlustratur
1083 2116 1157 2166 eis
1184 2133 1318 2183 quae
1356 2115 1578 2166 subicit:
1616 2116 1771 2167 exiis
1797 2133 1914 2167 vero
1953 2114 2073 2185 (scil
2098 2115 2261 2185 sunt),
2303 2133 2437 2182 quae

271 2204 318 2253 et
344 2218 443 2268 per
486 2200 792 2254 vocabalum
830 2200 1027 2268 (filiam
1062 2201 1224 2267 vocis)
1261 2203 1308 2252 et
1345 2216 1445 2267 per
1491 2202 1822 2268 scriptionem
1867 2202 2149 2253 secandum
2197 2201 2436 2268 linquam

270 2287 536 2354 syriacam
574 2286 987 2354 distin-quantur,
1024 2284 1161 2337 velut
1198 2284 1248 2337 lt
1287 2287 1377 2352 (=
1403 2285 1536 2336 mihi
1560 2285 1822 2353 mascul.),
1863 2286 1957 2351 lex
1990 2288 2091 2347 (=·
2107 2285 2202 2338 tibi
2225 2285 2436 2356 femin.)

275 2410 534 2423 .......
575 2366 673 2423 lah
710 2372 806 2438 (=
831 2370 913 2422 illi
938 2370 1166 2439 femin.)‚
1206 2370 1306 2422 leh
1342 2368 1435 2439 (=
1460 2370 1542 2422 illi
1567 2370 1816 2440 mascul.)
1855 2374 1902 2422 et
1938 2388 2074 2437 quae
2098 2371 2182 2423 his
2215 2371 2434 2424 similia.

415 2527 479 2579 ad
519 2526 613 2594 66,
643 2526 805 2579 1-2.
881 2525 1000 2579 οἷον
1027 2525 1058 2577 ὁ
1088 2526 1212 2592 ἐμός
1240 2527 1272 2591 ἡ
1299 2526 1395 2592 ἐμή
1421 2527 1484 2579 τὸ
1513 2526 1665 2594 ἐμόν]
1709 2522 1775 2579 S:
1814 2527 1953 2579 velut
1974 2544 2118 2580 mens
2143 2531 2235 2580 tua
2263 2527 2434 2599 (fem.)

209 2624 251 2657 25
271 2628 372 2665 sua
408 2610 595 2683 (fem).

414 2754 479 2806 ad
527 2753 631 2822 66,
666 2753 897 2822 3-67,
934 2753 984 2805 2.
1062 2749 1100 2807 S
1153 2752 1365 2804 dualem
1421 2757 1475 2805 et
1520 2756 1927 2822 prototyporum
1977 2756 2030 2806 et
2076 2754 2434 2806 derivatorum

274 2839 491 2893 omittit.
547 2839 611 2890 de
638 2838 892 2907 exemplis
910 2838 1134 2907 pluralis
1159 2839 1366 2890 numeri
1395 2838 1751 2890 derivatorum
1773 2839 1889 2891 vide
1913 2839 2099 2891 Merxii
2127 2839 2432 2892 editionem.

415 2996 480 3048 ad
518 2995 613 3063 67,
640 2995 674 3048 3
698 3028 721 3031 -
749 2996 805 3048 6.
866 3014 933 3047 ne
973 2991 1011 3048 S
1052 2994 1263 3063 quidem
1289 2994 1422 3046 haec
1448 3012 1566 3047 cum
1594 2995 2031 3048 antecedentibus
2060 2996 2434 3049 coniunctione

277 3081 612 3134 adversativa
639 3081 889 3133 conectit.
954 3081 1017 3131 de
1043 3080 1299 3148 exemplis
1324 3080 1559 3148 genetivi
1587 3080 1975 3148 primitivorum
2004 3081 2120 3133 vide
2147 3081 2434 3134 editionem

210 3178 251 3211 30
277 3166 630 3219 Merxianam.
706 3166 991 3218 accusativi
1038 3169 1445 3233 prototyporum
1493 3165 1732 3233 exempla
1779 3166 1853 3218 sic
1891 3169 2298 3235 interpretatur:
2338 3185 2436 3234 per

274 3271 368 3315 me,
401 3269 497 3319 per
535 3255 604 3318 te,
636 3269 736 3318 per
772 3251 949 3318 illum3
1001 3249 1080 3301 cfr
1118 3268 1277 3318 supra
1313 3249 1632 3300 Addendum
1671 3250 1736 3301 ad
1773 3251 1860 3319 31,
1885 3252 2091 3308 5—32‚
2123 3253 2166 3302 1.
2242 3252 2435 3303 desunt

276 3338 331 3389 in
369 3338 575 3405 syriaca
611 3336 1055 3404 interpretatione
1093 3338 1333 3401 κλητικῆε
1372 3335 1431 3388 cii
1452 3335 1599 3388 -cov
1639 3334 1721 3388 ὅν.

413 3481 482 3540 ad
521 3480 616 3546 68,
647 3478 807 3531 1—2.
872 3475 939 3532 S:
980 3481 1149 3544 εχῆμα
1186 3479 1281 3544 μὲν
1319 3478 1531 3530 ἁπλοῦν
1571 3481 1643 3529 est
1678 3478 1809 3543 ἐμοῦ
1846 3482 1940 3531 (οὓ
1968 3477 2048 3541 οὗ,
2091 3479 2346 3531 (ύνθετον
2375 3481 2433 3531 δὲ

277 3569 375 3618 est:
421 3583 620 3631 meam,
668 3565 881 3617 animae
925 3581 1098 3628 meae‚·
1145 3567 1320 3629 tuum,
1368 3562 1582 3614 animae
1629 3565 1777 3627 tuae;
1821 3580 2000 3630 suum,
2050 3564 2264 3616 animae
2308 3565 2432 3615 eins.

213 3671 255 3702 35
280 3650 483 3702 omittit
519 3650 683 3719 igitur
708 3651 869 3701 verba
894 3666 1028 3717 quae
1064 3647 1149 3700 his
1173 3647 1592 3716 praemittuntur
1626 3647 1683 3697 in
1709 3648 1838 3699 artis
1865 3648 2158 3699 codicibus:
2200 3650 2434 3714 εχήματα

278 3737 395 3798 δύο,
433 3736 641 3788 ἁπλοῦν
680 3736 949 3788 (ύνθετον.
1024 3733 1104 3785 cfr
1142 3731 1442 3784 Armenius,

418 3877 481 3928 ad
522 3876 618 3943 68,
645 3875 866 3943 3-69,
893 3874 948 3928 3.
1025 3871 1089 3928 S:
1139 3874 1252 3940 εἴδη
1300 3876 1359 3926 δὲ
1406 3872 1543 3942 (sine
1590 3877 1689 3928 δύο
1729 3892 1790 3927 ac
1827 3875 1940 3927 sine
1978 3874 2081 3942 ὅτι)
2120 3874 2172 3927 αἱ
2208 3875 2303 3939 μέν
2342 3875 2434 3927 εἰει

278 3963 642 4026 πρωτότυποι.
718 3961 929 4030 legebat
976 3962 1136 4012 etiam
1185 3960 1260 4012 ὡς
1298 3962 1457 4011 πᾶεαι
1495 3959 1546 4011 αἱ
1583 3961 1835 4025 κτητικαί,
1886 3961 1941 4011 αἳ
1978 3961 2063 4011 καὶ
2100 3959 2431 4024 διπρόεωποι

280 4049 577 4100 καλοῦνται.
654 4045 716 4097 de
754 4045 1199 4113 subsequentibus
1238 4043 1354 4094 vide
1393 4042 1681 4096 editionem
1721 4044 2068 4096 Merxianam.
