2808 4394
375 292 446 343 54
1041 298 1065 346 ξ
1102 299 1152 336 14
1182 295 1271 348 (16)
1332 293 1421 337 EX
1458 293 1602 341 REO,
1642 294 1903 339 PRIORE

377 437 489 474 νων
529 421 622 484 μὲν
663 420 914 485 ῥημάτων
957 420 1042 489 ἕξ,
1091 411 1172 472 ὧν
1220 423 1323 491 <1>
1361 419 1394 490 ἡ
1440 421 1544 491 μὲν
1601 420 1791 491 πρώτη
1841 421 2135 491 ἐκφέρεται
2173 421 2267 476 διὰ
2302 424 2403 477 τοῦ
2438 416 2713 494 β-τῖρεθειι
2750 442 2755 447 ·

376 504 413 573 ’ἴ
451 509 495 566 ᾧ
533 502 567 572 ἢ
607 514 648 555 ’σῖ
685 498 721 571 ἢ
758 510 849 573 ὗῑῦ,
891 497 1015 558 οἷον
1053 507 1260 574 λείβω
1297 507 1334 576 ’ἦ
1370 505 1608 575 γράφω
1647 507 1866 574 τέρπω
1905 506 2152 559 κόπτω·
2561 535 2602 566 32
2675 498 2678 499 ⁷

383 672 749 729 [DISCREPANTIA
781 689 1055 718 scmP'rvRAE
1086 690 1134 718 IN
1164 674 1597 733 LGBTVHAfb]
1717 675 1741 718 l
1774 676 1855 730 μὲν
1885 676 2030 731 ῥημά]
2070 674 2160 719 hae
2190 676 2384 721 ultimae
2414 677 2540 722 litte-

378 757 457 786 rae
489 744 597 786 sunt
625 743 794 800 prioris
826 744 1068 789 columnae
1099 746 1301 802 paginae
1333 749 1385 789 63
1417 746 1588 790 codicis
1617 746 1668 789 L.
1701 747 1795 790 iam
1832 745 1943 801 quia
1978 745 2130 789 altera
2161 746 2377 791 columna
2403 748 2541 792 huius

379 813 583 870 paginae
617 815 665 857 et
694 814 838 857 simul
867 814 997 870 prior
1027 815 1353 871 subsequentis
1384 817 1573 860 avulsae
1606 817 1736 870 sunt,
1773 816 1913 859 hodie
1944 816 1993 858 in
2023 815 2059 858 L
2091 830 2183 861 non
2203 817 2412 875 ,legimus
2441 833 2542 862 των

380 885 426 927 ἕξ
458 897 605 939 usque
638 884 698 928 ad
727 900 759 941 p
792 891 867 940 59,
900 891 928 928 4
967 887 1216 942 ἐκφέρεται
1250 888 1345 932 ἀπὸ
1376 892 1463 942 τῆς
1494 903 1528 931 π
1569 888 1575 943 Ι
1673 888 1758 940 μὲν
1788 887 1918 943 prius
1949 901 2026 931 om
2055 887 2181 930 HAf
2225 888 2241 944 ΙΙ
2318 887 2349 932 2
2380 893 2418 943 ᾧ
2447 890 2476 942 ἢ
2507 895 2543 934 τῖ-

380 954 670 999 GVHAfb:
704 958 789 1012 1ῖῆ
811 961 848 1013 ᾧ
880 956 964 1000 BT
991 958 998 1013 Ι
1052 954 1133 1009 ἦ]
1164 963 1194 1001 ἲ
1225 957 1298 1014 G}
1352 959 1522 1014 γράφω
1552 959 1715 1013 τέρπω
1748 957 2032 1002 GVHAfb:
2064 959 2225 1014 τέρπω
2256 959 2427 1014 γράφω
2458 957 2543 1003 ΒΤ

383 1130 772 1186 [DISGREPANTIAE
793 1143 847 1170 ET
869 1142 1144 1171 TEs'rmomA
1165 1143 1397 1172 scnomoss.
1416 1118 1552 1184 (Σσ)
1575 1142 1880 1171 EnorEMATVM
1898 1130 1983 1184 (E)
2010 1142 2221 1172 Amonvm
2247 1131 2544 1187 sempron-vu]

299 1243 308 1250 ,
379 1198 446 1242 IV
477 1203 758 1255 24227—2433
791 1198 1191 1243 characteristicas
1222 1199 1403 1243 litteras
1433 1199 1613 1255 primae
1645 1199 1876 1243 secundae
1917 1199 2085 1243 tertiae
2124 1199 2466 1256 coniugationis
2497 1202 2547 1246 et

380 1271 631 1314 verborum
665 1269 884 1325 exempla
914 1282 970 1313 ex
1001 1269 1228 1326 Dionysio
1261 1269 1417 1313 adfert
1454 1270 1538 1325 (ὡς
1570 1272 1621 1314 ἐν
1651 1275 1710 1327 τῇ
1743 1271 1887 1326 τέχνῃ
1919 1271 2165 1315 Διονυείου
2197 1273 2546 1330 μεμαθήκαμεν)

379 1355 434 1385 80
468 1341 674 1395 001181110,
705 1341 759 1383 ut
789 1339 1107 1394 demonstret,
1138 1354 1221 1384 cur
1249 1341 1299 1384 in
1329 1341 1685 1384 consonantium
1717 1341 2052 1398 compositione
2083 1341 2278 1386 labiales
2309 1343 2358 1386 et
2385 1344 2544 1400 guttu-

381 1412 503 1456 rales
536 1411 805 1455 dentalibus
849 1411 1145 1459 antecedant,
1208 1410 1327 1454 Item
1358 1410 1685 1462 Macrobius
1713 1412 1762 1455 in
1793 1425 1848 1455 eo
1879 1411 2022 1463 libro,
2056 1425 2149 1468 quo
2180 1411 2468 1458 differentias
2500 1414 2550 1459 et

379 1482 627 1526 societates
657 1482 817 1539 graeci
847 1481 1077 1537 latinique
1108 1481 1239 1526 verbi
1271 1480 1565 1538 explicabat,
1602 1481 1724 1525 hanc
1754 1481 1946 1526 technes
1975 1484 2160 1538 partem
2190 1484 2456 1540 usurpavit,
2493 1485 2549 1528 ut

380 1553 637 1597 ostendunt
679 1555 902 1610 excerpta
932 1553 1106 1597 codicis
1134 1551 1337 1595 Parisini
1368 1556 1477 1596 7186
1517 1551 1577 1606 (V
1609 1553 1795 1609 6022-,0)
1835 1555 1885 1596 et
1914 1552 2093 1596 codicis·
2114 1553 2436 1598 Laudunensis
2464 1559 2548 1599 444

381 1623 441 1674 (V
472 1628 659 1679 6552-ffi,
701 1623 768 1668 cfr
807 1623 955 1679 praef,
995 1623 1138 1667 Keilii
1166 1639 1197 1680 p
1230 1626 1344 1678 597).
1403 1623 1545 1680 Apud
1583 1623 1944 1667 Priscianum
1985 1623 2178 1668 Thracis
2209 1624 2267 1669 de
2297 1625 2549 1681 bai-ytono-⁴

380 1709 483 1737 rum
535 1694 947 1751 coniugationibus
998 1694 1260 1738 doctrinam
1306 1695 1570 1738 invenimus
1618 1695 1668 1737 in
1719 1696 1886 1739 octavo
1936 1695 2286 1740 institutionum
2334 1696 2454 1741 libro
2503 1696 2548 1740 II

380 1770 702 1821 44517-44714,
739 1765 822 1809 ubi
851 1766 1167 1823 perfectorum
1200 1766 1453 1810 latinorum
1486 1767 1534 1810 et
1564 1766 1845 1811 aoristorum
1876 1780 2153 1824 graecorum
2182 1767 2360 1812 formae
2394 1766 2549 1812 confe-

379 1837 559 1880 runtur.
620 1838 784 1881 auctor
823 1837 982 1881 autem
1020 1837 1159 1880 huius
1202 1837 1477 1881 conlationis
1508 1851 1603 1881 non
1634 1837 1920 1888 Priscianus,
1962 1837 2044 1881 sed
2075 1838 2136 1882 ab
2168 1836 2413 1895 Didymo
2444 1852 2548 1883 eam

380 1909 621 1952 mutuatus
654 1909 744 1963 est,
783 1910 838 1952 ut
865 1909 967 1965 ipse
1010 1908 1244 1964 significat
1271 1908 1343 1950 his
1373 1909 1529 1951 verbis
1560 1908 1902 1964 comparationi
1931 1907 2198 1965 praemissis
2227 1913 2370 1966 44513:
2407 1909 2549 1954 scien-

382 1980 492 2023 dum
522 1984 676 2023 tamen
707 1980 829 2035 quod
848 1979 1058 2024 videmur
1077 1979 1131 2023 in
1153 1979 1408 2035 praeterito
1430 1979 1635 2035 perfecto
1658 1979 1931 2035 plerumque
1950 1980 2178 2036 barytona
2209 1993 2385 2036 quoque
2408 1980 2550 2026 Grae-

382 2064 536 2095 corum
565 2051 748 2094 imitari
777 2050 830 2094 in
852 2051 1203 2094 commutatione
1234 2051 1583 2095 consonantium
1612 2054 1722 2094 teste
1742 2050 1965 2107 Didymo,
1996 2051 2078 2107 qui
2106 2051 2362 2106 ostendens,
2394 2052 2551 2102 omnia

384 2135 499 2178 quae
529 2122 697 2166 habent
726 2122 778 2166 in
808 2126 908 2165 arte
941 2121 1111 2166 Graeci
1139 2121 1300 2166 habere
1330 2121 1467 2166 etiam
1497 2121 1721 2176 Latinos,
1764 2121 1982 2176 exemplis
2011 2122 2091 2165 hoc
2119 2121 2355 2177 approbat.
2413 2122 2549 2167 intel-

381 2193 610 2250 legendus
642 2193 714 2236 est
752 2192 890 2247 liberv
912 2195 1020 2248 περὶ
1058 2196 1144 2248 τῆς
1186 2193 1313 2249 παρὰ
1351 2193 1598 2246 Ῥωμαίοις
1629 2193 1881 2247 ἀναλογίας
1929 2193 1959 2236 1.
1992 2205 2031 2238 0.
2069 2194 2127 2238 de
2166 2192 2550 2238 similitudinibus

382 2278 502 2321 quae
551 2265 676 2308 inter
719 2263 917 2307 latinam
947 2263 1160 2319 linguam
1200 2264 1248 2308 et
1277 2277 1497 2321 graecam
1525 2263 1827 2308 intercedunt
1873 2266 1981 2320 (quo
2012 2264 2275 2310 Priscianus
2303 2266 2553 2323 praeterea

383 2336 606 2380 utebatur
634 2334 678 2378 Π
711 2338 783 2389 154
813 2338 933 2390 54810
963 2335 1028 2378 III
1058 2340 1161 2391 408,
1190 2339 1292 2391 4119
1322 2338 1467 2391 4928),
1509 2335 1638 2378 0111118
1676 2329 1784 2378 libri
1815 2336 2054 2380 auctorem
2092 2336 2232 2382 fuisse
2276 2351 2370 2381 non
2418 2335 2552 2381 Chal-

384 2408 644 2461 centerum,
674 2406 758 2450 sed
790 2405 1038 2450 Claudium
1061 2406 1316 2462 Didymum
1345 2406 1592 2462 probabile
1625 2407 1696 2450 est
1727 2406 1813 2462 (cfr
1827 2406 2089 2452 MSchmidt
2110 2408 2158 2452 in
2178 2407 2369 2466 Didymi
2384 2407 2551 2465 fragm.

382 2493 413 2535 p
445 2482 670 2522 345—349
710 2478 759 2520 et
798 2476 1093 2522 Schoemann
1130 2480 1179 2521 in
1217 2477 1379 2534 Suppl.
1423 2477 1589 2521 Annal.
1621 2476 1848 2522 FleckeiS.
1886 2477 1926 2521 V
1955 2493 1987 2534 p
2021 2482 2071 2523 17
2105 2479 2210 2527 adn.
2243 2481 2331 2536 32).
2388 2479 2458 2522 ·At
2493 2478 2552 2522 si-

384 2548 488 2604 quis
527 2547 747 2604 opinetur
780 2549 949 2602 omnia‚
990 2562 1110 2604 quae
1129 2548 1224 2593 .ill0
1254 2548 1606 2592 institutionum
1635 2548 2009 2593 Priscianearum
2041 2550 2143 2594 loco
2175 2550 2233 2594 de
2266 2549 2552 2594 Graecorum

385 2618 794 2674 coniugationibus
823 2620 1058 2677 leguntur,
1089 2619 1290 2663 latinum
1321 2619 1681 2675 grammaticum
1713 2632 1741 2662 a
1771 2618 1972 2676 Didymo
2003 2621 2267 2677 sumpsisse,
2297 2619 2551 2678 Didymum

385 2691 543 2734 autem
569 2703 626 2734 ex
652 2703 733 2733 suo
767 2690 879 2734 artis
910 2690 1228 2746 Dionysianae
1253 2690 1528 2746 exemplari,
1559 2690 1598 2733 is
1628 2703 1794 2735 vereor
1818 2704 1876 2734 ne
1905 2704 2191 2748 magnopere
2218 2692 2359 2736 erret.
2420 2704 2551 2735 nam-

386 2774 476 2816 que
516 2761 624 2803 sunt
662 2761 854 2817 quidem
894 2775 1015 2817 quae
1047 2761 1310 2805 existimem
1349 2774 1406 2804 ex
1443 2760 1524 2811 illo
1557 2761 1815 2818 exemplari
1846 2761 2074 2819 originem
2103 2761 2293 2816 ducere,
2332 2761 2416 2806 sed
2445 2762 2553 2806 sunt

387 2833 531 2875 etiam
548 2845 668 2888 quae
691 2832 894 2888 Didymo
911 2832 1004 2889 ipsi
1025 2831 1187 2876 deberi
1208 2834 1402 2888 putem,¹
1420 2833 1529 2875 sunt
1551 2832 1720 2877 deinde
1742 2846 1863 2888 quae
1880 2832 2148 2878 Priscianus
2166 2847 2224 2877 ex
2240 2846 2324 2877 suo
2354 2832 2551 2878 technes

387 2904 641 2960 exemplari
665 2904 914 2959 sumpsisse
940 2903 1170 2958 videatur,
1210 2904 1318 2946 sunt
1352 2901 1555 2958 denique
1579 2904 1774 2948 fortasse
1808 2903 1949 2948 etiam
1985 2918 2107 2960 quae
2146 2904 2291 2961 ipsius
2326 2903 2551 2949 Prisciani

386 2976 490 3019 sint.
530 2998 584 3005 —-
630 2974 765 3018 Addo
804 2975 933 3031 apud
964 2974 1366 3031 Chrysoloram
1403 2989 1434 3031 p
1466 2979 1541 3029 32,
1582 2975 1873 3020 Lascarim
1911 2990 1942 3032 p
1984 2979 2059 3029 19,
2101 2975 2551 3032 Chalcondylam

385 3061 416 3102 p
449 3050 616 3090 33—-38
642 3045 829 3089 easdem
854 3059 934 3090 sex
964 3046 1318 3104 coniugationes
1355 3048 1402 3090 et
1428 3045 1684 3091 maximam
1719 3045 1910 3102 quidem
1941 3047 2128 3103 partem
2161 3047 2329 3091 eadem
2362 3058 2549 3103 quoque

387 3116 605 3174 exempla
620 3116 842 3170 inveniri3
868 3116 1072 3161 Gazam
1093 3131 1205 3161 vero
1236 3117 1265 3161 1.
1287 3117 1308 3161 Ι
1327 3133 1359 3174 p
1381 3122 1520 3162 9—11
1542 3117 1611 3161 ita
1631 3116 1892 3172 dissentire,
1924 3118 1976 3162 ut
1991 3117 2197 3162 secunda
2217 3116 2547 3174 coniugatione

384 3187 542 3231 omnia
562 3187 708 3232 verba
740 3187 1110 3244 comprehendat
1139 3202 1339 3245 quorum
1366 3188 1527 3232 futura
1556 3188 1604 3230 in
1627 3190 1691 3232 Ξω
1712 3189 1901 3244 exeunt,
1933 3187 2103 3232 tertiae
2141 3187 2363 3244 syzygiae
2395 3186 2552 3232 omnia
2622 3192 2630 3197 ’

384 3271 582 3313 quorum
605 3258 765 3302 futura
783 3258 833 3301 in
856 3273 920 3304 (ω
939 3258 1159 3303 desinunt
1181 3259 1432 3313 adscribat,
1460 3258 1654 3314 liquidis
1679 3259 1839 3302 autem
1854 3259 2010 3303 verbis
2036 3259 2230 3315 quartae
2256 3257 2548 3315 coniugatio-

384 3327 455 3371 nis
494 3341 665 3372 nomen
703 3330 885 3373 tribuat
906 3331 921 3385 ΙΙ
1377 3329 1493 3374 1-2
1525 3320 1612 3384 β-ἢ
1643 3334 1680 3384 ᾧ
1712 3331 1739 3383 ἢ
1763 3329 1817 3386 fr]
1864 3328 1988 3373 hunc
2030 3329 2295 3373 litterarum
2337 3328 2549 3374 ordinem

384 3399 617 3455 praebent
654 3398 795 3443 etiam
851 3400 1060 3456 epitoma
1100 3401 1147 3444 et
1186 3399 1414 3444 Macrobii
1445 3399 1687 3445 exc.Paris.
1710 3399 1751 3443 V
1772 3406 1900 3457 6024:
1931 3390 2007 3455 1ξῆ
2032 3404 2068 3444 ft·
2088 3402 2116 3455 ἢ
2139 3404 2176 3455 ᾧ
2207 3401 2275 3445 Σι
2295 3401 2404 3457 post
2432 3405 2551 3457 893,Β

387 3474 436 3514 Σ
463 3473 583 3526 89323
613 3468 798 3526 (Steph)
823 3482 858 3515 σ
888 3474 961 3515 Εν
981 3473 1059 3515 Eb
1082 3470 1344 3514 Priscianus
1367 3469 1642 3514 Timotheus
1668 3469 1830 3515 Choer.
1852 3475 1971 3527 481¹6
1995 3471 2268 3515 Theodorus
2291 3476 2389 3527 150ὃ
2412 3476 2549 3527 182193

387 3554 461 3584 om
502 3555 538 3585 π
581 3544 673 3594 Eg,
706 3541 814 3596 post
847 3556 912 3586 πτ
933 3543 1130 3597 ponunt
1164 3544 1233 3587 Et
1283 3542 1299 3598 ΙΙ
1813 3541 1842 3586 2
1865 3545 1892 3596 ἢ
1916 3547 1981 3586 ῖτῖ·
2011 3541 2189 3586 habent
2208 3542 2275 3586 Σ1
2308 3546 2426 3598 893„
2448 3544 2552 3587 σΕ

389 3610 499 3667 epit.
530 3609 757 3655 Macrobii
789 3611 1102 3656 exc.Parisina
1119 3612 1281 3657 Choer.
1309 3611 1560 3666 Theodor.,
1593 3625 1668 3655 om
1686 3615 1736 3656 Σ
1762 3617 1882 3667 89324
1899 3611 2086 3669 (Steph)
2103 3611 2365 3656 Priscianus
2394 3611 2550 3657 Timo-

387 3682 523 3725 theus
552 3681 733 3726 Psellus
788 3683 793 3737 1
1021 3684 1177 3741 λείβω]
1212 3684 1369 3739 κρύβω
1402 3683 1664 3727 Priscianus
1691 3688 1769 3737 (ex
1795 3682 2066 3739 Didymo?),
2098 3683 2243 3738 θλίβω
2275 3682 2417 3730 Macr,
2451 3695 2549 3727 exc.

388 3751 594 3796 Laudun.
631 3753 790 3808 (λείβω
821 3754 1012 3810 praeter
1041 3755 1222 3798 ceteros
1251 3754 1396 3798 habet
1425 3753 1569 3798 etiam
1592 3753 1880 3798 Theodosius
1912 3767 2010 3798 can.
2046 3756 2207 3810 101714)
2235 3757 2241 3800 Ι
2378 3754 2549 3809 γράφω

389 3826 552 3878 τέρπω
593 3823 821 3868 Macrobii
866 3837 963 3868 exc.
1003 3824 1216 3868 Parisina
1252 3825 1302 3869 et
1336 3823 1646 3869 Laudunense
1687 3823 1984 3868 Timotheus:
2026 3826 2188 3880 τέρπω
2226 3824 2397 3880 γράφω
2438 3827 2487 3868 Σ
2515 3834 2551 3869 o·

390 3898 464 3939 Ev
487 3896 562 3940 Eb
604 3893 767 3939 Choer.
807 3898 929 3950 48110
951 3922 983 3950 ,7
1016 3894 1193 3938 Psellus
1229 3899 1303 3938 141
1345 3894 1574 3939 Theodor.
1608 3899 1747 3950 182223
1787 3896 1950 3950 τέρπω
1996 3909 2073 3940 om
2103 3898 2199 3951 ΕΒ,
2239 3895 2347 3952 post
2383 3895 2547 3940 κόπτω

391 4021 670 4077 [anrmims
701 4023 914 4078 1111181111]
1088 4022 1113 4066 1
1145 4021 1345 4078 primam
1384 4022 1763 4080 coniugationem
1804 4021 1959 4066 efferri
1998 4021 2228 4079 diciffper
2258 4035 2336 4066 eas
2365 4021 2549 4067 litteras

392 4104 512 4146 quae
543 4092 833 4147 respondent
860 4091 1041 4149 graecis
1073 4094 1096 4145 β
1129 4106 1159 4146 μ
1191 4107 1225 4136 π
1257 4108 1309 4148 φ,
1343 4094 1392 4137 et
1420 4092 1593 4138 subicit
1621 4093 1842 4148 quattuor
1873 4091 2088 4148 exempla
