2808 4394
327 261 396 314 88
886 292 889 297 .
972 260 996 310 s
1028 261 1083 301 20
1114 257 1249 317 (2510)
1281 255 1369 299 Ex
1399 254 1547 301 REO.
1579 253 1843 314 1³31an

329 391 388 442 δὲ
429 387 760 455 ευναπτικοί,
799 385 849 438 οἱ
887 387 946 438 δὲ
982 385 1461 452 παραευναπτικοί,
1502 384 1552 437 οἱ
1590 384 1651 438 δὲ
1687 384 2048 452 αἰτιολογικοί,
2087 383 2139 438 οἱ
2176 385 2235 440 δὲ
2272 383 2488 452 ’δ’ἀπορ-
2514 397 2671 443 ρειη,

330 471 623 538 ρηματικοί,
665 471 714 523 οἱ
753 471 812 524 δὲ
850 471 1260 534 ευλλογιετικοί,
1301 469 1352 523 οἱ
1389 471 1450 523 δὲ
1486 469 2046 535 παραπληρωματικοί.
2513 483 2555 516 26

470 556 571 623 <1>
613 556 990 621 Ευμπλεκτικοὶ
1028 556 1122 622 μὲν
1162 554 1261 609 οὖν
1292 554 1416 609 εἰειν
1447 554 1562 608 ὅεοι
1600 556 1698 620 τὴν
1726 554 2010 621 ἑρμηνείαν
2038 553 2131 607 ἐπ’
2158 554 2383 619 ἄπειρον
2410 554 2491 607 ἐκ·

330 796 700 852 [ΒιεοΒΕΡΑΝΤΙΑ
733 810 1016 839 scium-vau:
1051 811 1098 839 m
1131 792 1626 850 MLGBTVHAfb]
1721 792 1834 837 1-2
1877 793 1921 837 οἱ
1950 794 2001 837 δὲ
2031 792 2418 849 ἀπορρηματικοί,
2451 793 2496 837 οἱ

328 868 379 910 δὲ
439 866 776 920 ςυλλογιετικοί
826 879 901 909 om
951 865 1129 910 VHAf
1179 867 1186 921 1
1353 865 1728 920 ἀπορρηματικοί
1777 862 1946 908 MGT:
1998 863 2390 919 ἀποΝρηματικοί
2435 862 2495 918 L,

329 937 670 993 ἀπορηματικοί
736 936 814 980 Bb
874 939 890 993 ΙΙ
1073 937 1104 981 3
1163 937 1272 980 ante
1332 935 1663 990 ευμπλεκτικοὶ
1719 934 1812 978 add
1870 936 1946 979 καὶ
2002 933 2161 977 HAfb
2217 936 2223 989 Ι
2338 940 2343 943 ’
2409 933 2496 978 οὖν
2519 980 2532 990 ,

328 1021 403 1051 om
442 1007 601 1051 HAfb

330 1223 719 1281 [D1scBEPAN‘r1AE
739 1236 796 1264 ET
814 1236 1097 1264 'resrmomx
1116 1235 1351 1264 scnomoR.
1375 1223 1442 1275 (Σ
1449 1232 1485 1266 o·
1495 1223 1546 1275 λ)
1565 1235 1878 1265 EROTEMATVM
1901 1222 1985 1277 (Ε)
2004 1236 2215 1265 Amonvu
2238 1219 2495 1278 sempron]

328 1294 653 1340 ἑπιλεκτικούε
685 1291 806 1347 (οἷον
836 1293 902 1346 ἤ),
936 1292 1285 1336 ἑλαττωτικούε
1317 1291 1441 1347 (οἷον
1470 1295 1588 1345 γοῦν
1618 1292 1705 1347 γέ).
1764 1291 1832 1336 Ac
1861 1291 1957 1335 iam
1987 1291 2171 1348 antiqui
2201 1289 2500 1349 grammatici

326 1366 375 1409 in
405 1364 693 1419 Dionysiano
729 1356 927 1406 numero
968 1361 1352 1406 coniunctionum
1389 1375 1500 1406 non·
1525 1362 1879 1418 acquieverunt.
1940 1362 2010 1406 Ex
2041 1361 2282 1419 Apollonii
2310 1361 2500 1418 Dyscoli

325 1435 458 1480 libris
487 1434 677 1491 praeter
715 1431 893 1489 species
925 1432 983 1475 ab
1015 1431 1238 1488 Dionysio
1270 1432 1480 1489 prolatas
1519 1433 1664 1476 haece
1698 1434 2063 1490 cognoscuntur,
2096 1433 2154 1477 de
2187 1433 2357 1489 quibus
2388 1431 2498 1477 vide

324 1506 551 1550 indicem:
583 1503 881 1559 ἀθροιετικοί,
912 1504 1279 1558 ἀποτελεετικοί,
1311 1503 1698 1559 διαβεβαιωτικοί,
1731 1506 2074 1561 διαεαφητικοί,
2107 1503 2372 1561 δυνητικοί,
2402 1505 2498 1548 ἑπι-

325 1576 573 1630 Ζευκτικοί,
596 1575 874 1631 ἑπιφορικοί,
903 1574 1351 1630 παραδιαζευκτικοί,
1384 1575 1741 1630 προεληπτικοί.
1784 1589 1901 1632 quas
1921 1574 2093 1620 classes
2115 1575 2310 1619 technes
2339 1576 2499 1620 aucto-

326 1662 427 1692 rem
457 1661 517 1691 ne
547 1648 732 1691 novisse
764 1646 954 1701 quidem
985 1645 1320 1703 conligendum
1352 1645 1541 1690 videtur
1571 1660 1629 1690 ex
1661 1646 1727 1690 eis
1756 1645 1914 1690 verbis
1945 1659 2066 1702 quae
2095 1645 2298 1703 legimus
2326 1646 2378 1690 in
2406 1645 2500 1691 fine

328 1718 516 1775 capitis:
557 1718 681 1761 τινὲε
719 1718 770 1761 δὲ
800 1718 1093 1773 προετιθέαει
1132 1719 1208 1760 καὶ
1245 1717 1688 1773 ἐναντιωματικούε.
1748 1717 1803 1760 In
1834 1717 2021 1762 scholiis
2058 1716 2314 1762 maioribus
2343 1729 2499 1774 repre-

325 1789 548 1834 henditur
585 1787 836 1845 Dionysius
875 1788 1002 1844 quod
1048 1789 1423 1844 praetermiserit
1468 1789 1835 1844 διαεαφητικούε
1874 1791 1941 1843 (Σ
1969 1790 2132 1846 97220),
2178 1788 2501 1844 ἀναιρετικοὺε

326 1861 426 1905 sive
458 1860 734 1916 δυνητικούε
767 1862 834 1912 (Σ
862 1864 982 1916 97225
1012 1861 1088 1916 28);
1122 1859 1182 1904 ab
1203 1858 1459 1904 Heliodoro
1482 1865 1530 1905 Σ
1558 1865 1678 1916 96326
1711 1861 1855 1904 etiam
1877 1861 2299 1916 παραδιαζευκτικὴ
2322 1859 2503 1917 species

328 1933 378 1976 et
407 1933 718 1986 διαεαφητικὴ
752 1932 801 1975 et
831 1933 1108 1986 βεβαιωτικὴ
1139 1930 1393 1987 profertur.
1417 1957 1471 1964 —
1501 1930 1571 1974 Ex
1600 1931 1762 1975 latinis
1792 1930 2112 1988 grammaticis
2141 1930 2406 1975 Priscianus
2434 1929 2503 1975 III

327 2006 599 2059 9313-10413
629 2001 934 2057 Apollonium
966 2002 1191 2058 sequitur.
1243 2002 1514 2057 (ablativam
1545 2001 1753 2058 speciem
1783 2003 1833 2046 et
1855 2003 2270 2059 praesumptivam,
2301 2015 2422 2058 quae
2453 2001 2502 2046 in

329 2074 682 2118 enumeratione
720 2073 907 2116 tantum
938 2072 1155 2116 classium
1187 2078 1281 2128 9314
1311 2073 1556 2129 leguntur,
1588 2073 1638 2116 in
1669 2072 1984 2130 descriptione
2016 2073 2208 2129 desunt,
2248 2086 2344 2118 non
2381 2074 2500 2131 puto

329 2144 493 2188 deberi
521 2143 752 2187 Prisciani
782 2144 964 2198 manui,
1006 2142 1091 2187 sed
1121 2143 1181 2187 ab
1213 2143 1305 2188 alio
1336 2144 1385 2187 in
1416 2144 1630 2201 margine
1662 2143 1922 2201 adscriptas
1952 2146 2118 2200 postea
2147 2145 2257 2189 ante
2288 2144 2515 2190 adversa--

328 2216 474 2260 tivam
501 2215 701 2258 insertas
732 2227 844 2258 esse.
896 2213 1004 2258 vide
1035 2214 1240 2258 indicem
1270 2214 1505 2268 latinum.)
1565 2213 1814 2259 Terentius
1845 2214 2045 2259 Scaurus
2077 2215 2206 2272 apud
2242 2214 2501 2272 [Sergium]

328 2287 377 2329 in
416 2286 588 2331 Donat.
622 2283 687 2328 IV
718 2289 838 2342 56019
871 2284 1172 2330 Cominianus
1210 2284 1336 2341 apud
1378 2284 1553 2329 Charis.
1583 2285 1605 2328 Ι
1635 2289 1935 2342 22423-——2254
1972 2286 2022 2330 et
2059 2286 2187 2343 apud
2225 2285 2504 2332 Diomedem

331 2356 352 2400 I
382 2360 664 2413 41527—4163
695 2358 820 2413 (post
844 2360 1087 2411 praeterea
1116 2360 1219 2413 4163
1255 2355 1601 2400 interciderunt
1631 2355 1784 2400 exitus
1824 2356 2129 2414 expositionis
2161 2351 2425 2402 Geminiani
2455 2357 2505 2402 et

330 2427 519 2471 initium
560 2427 907 2483 explanationis
946 2427 1264 2483 Palaemonis)
1307 2426 1520 2471 Donatus
1558 2426 1624 2470 IV
1663 2431 1979 2484 38829—-38912
2023 2427 2245 2486 [Probus]
2285 2427 2353 2472 IV
2385 2433 2504 2484 143,Β

331 2502 505 2555 ——1424²¹
538 2497 764 2542 Sacerdos
786 2497 851 2541 VI
881 2503 1003 2553 44424
1036 2497 1344 2556 [Victorinus]
1378 2497 1442 2542 VI
1474 2502 1575 2552 2032
1605 2497 1773 2541 Audax
1794 2498 1882 2543 VII
1913 2504 2031 2555 3491,
2064 2498 2318 2544 Cledonius
2339 2499 2382 2544 V
2413 2504 2504 2556 '2325

330 2569 582 2626 Pompeius
604 2569 645 2612 V
668 2574 787 2625 26518
819 2569 1108 2625 Augustinus
1130 2570 1172 2614 V
1194 2574 1314 2626 52038
1347 2569 1551 2626 quinque
1583 2570 1770 2614 tantum
1802 2571 1984 2625 species
2015 2569 2333 2628 distinguunt:
2365 2582 2505 2628 copa-

332 2641 502 2685 lativas
533 2640 843 2684 disiunctivas
874 2641 1130 2696 expletivae
1159 2640 1368 2686 causales
1397 2641 1674 2695 rationales,
1713 2642 1762 2684 in
1794 2640 2056 2701 causalium·
2089 2641 2244 2697 specie
2274 2642 2505 2698 ponentes

331 2706 608 2755 non‘solum
640 2711 1006 2765 αἰτιολογικούε,
1044 2711 1127 2755 sed
1158 2711 1302 2755 etiam
1334 2713 1666 2766 ευναπτικούε,
1708 2712 2172 2768 παραευναπτικούε,
2203 2711 2320 2756 alias
2349 2725 2506 2758 voces.

334 2784 476 2838 atque
507 2781 761 2838 Pompeius
791 2782 860 2825 ita
889 2782 1118 2838 loquitur,
1157 2782 1294 2838 quasi
1331 2782 1452 2826 hanc
1484 2782 1764 2828 divisionem
1796 2795 1956 2827 omnes
1988 2781 2135 2827 'latini
2164 2782 2370 2829 technici
2397 2796 2505 2840 pro-

331 2854 460 2897 bent.
520 2852 602 2897 sed
647 2853 908 2897 dissensere
952 2854 1144 2909 praeter
1186 2852 1479 2898 Priscianum
1526 2853 1669 2898 etiam
1718 2853 1897 2897 Plinius
1946 2853 2203 2898 Palaemon
2253 2852 2505 2898 Dositheus

336 2924 542 2981 [Asper].
599 2923 648 2966 in
696 2924 931 2980 excerptis
976 2937 1031 2967 ex
1070 2923 1365 2968 Palaemonis
1410 2927 1510 2968 arte
1559 2925 1686 2980 apud
1726 2924 1899 2972 Charis,
1932 2924 2247 2981 12255—2262³
2286 2925 2335 2968 et
2379 2924 2505 2982 apud

333 2994 612 3038 Diomedem
650 2994 672 3037 Ι
715 2999 879 3052 4163.31
926 2996 1115 3051 praeter
1163 2994 1267 3039 illas
1316 2995 1523 3051 quinque
1565 2995 1782 3052 vulgatas
1831 2995 2132 3052 proferuntur
2179 2995 2269 3040 hae
2317 3008 2507 3052 quoque

335 3066 533 3123 species:
586 3066 860 3120 dubitandi,
910 3066 1194 3111 admonendi
1241 3071 1380 3123 atquae
1421 3067 1639 3122 petendi,
1689 3066 2053 3123 comparativae,
2102 3067 2382 3121 subiciendi,
2433 3066 2505 3111 in·

336 3138 529 3191 lativae,
560 3137 790 3193 finitivam
831 3138 1084 3193 optativae,
1118 3138 1459 3193 subiunctivae‚
1501 3152 1700 3195 quarum
1746 3138 1964 3183 classium
2002 3138 2205 3194 primam
2235 3139 2285 3182 et
2312 3137 2504 3182 ultimas

338 3210 431 3251 tres
471 3207 616 3251 habet
654 3207 797 3252 etiam
827 3207 1081 3252 Dositheus
1110 3207 1200 3252 VII
1231 3213 1545 3265 41725—-41821
1574 3211 1591 3266 ΙΙ
1954 3210 1984 3254 3
2020 3208 2376 3265 (υμπλεκτικοῦ
2416 3207 2505 3253 hoc

336 3278 524 3321 nomine
556 3278 763 3334 speeiem
794 3278 1040 3335 appellant
1070 3293 1231 3324 omnes
1261 3280 1464 3325 technici
1493 3280 1666 3338 graeci,
1698 3280 1988 3337 copulativas
2018 3293 2178 3324 omnes
2207 3277 2343 3324 latini
2370 3291 2505 3336 prae-

337 3349 409 3391 ter
450 3348 712 3405 [Asp1·um]‚
753 3349 835 3405 qui
872 3348 913 3393 V
950 3354 1074 3406 553„
1122 3351 1446 3407 complectendi
1482 3351 1834 3396 coniunctiones
1883 3351 2098 3395 nominat
2491 3350 2505 3405 Η

340 3419 428 3463 3-
450 3433 480 3474 p
502 3418 583 3472 89,
615 3419 642 3462 1
673 3421 769 3464 ὅεοι
786 3445 835 3451 ——
857 3421 1140 3478 ευνδέουειν]
1173 3423 1326 3466 totum
1359 3422 1656 3466 enuntiatum
1686 3422 1920 3466 testantur
1948 3422 2144 3477 Σ19564,
2170 3421 2218 3467 et
2246 3421 2356 3466 ante
2386 3424 2507 3477 956„

340 3494 389 3533 Σ
417 3494 544 3544 955,ὃ
576 3501 610 3534 σ
641 3493 707 3543 Ε,
754 3490 1010 3546 particulas
1054 3497 1105 3536 Σ
1132 3496 1257 3548 956,7
1298 3492 1446 3550 (Hel):
1493 3493 1540 3537 οἵ
1583 3507 1708 3537 τινες
1755 3494 1845 3548 τὴν
1886 3493 2099 3536 διάνοιαν
2138 3493 2216 3536 ἐπὶ
2262 3494 2386 3537 πολὺ
2432 3495 2503 3538 ἐκ·

341 3561 612 3615 φερομένην
661 3564 735 3604 καὶ
782 3563 1179 3619 ἑπεκτεινομένην
1225 3564 1534 3616 ευμπλέκουει
1584 3565 1659 3607 καὶ
1706 3564 1960 3617 ευνδέουει,
2009 3565 2058 3607 et
2094 3568 2143 3607 Σ
2180 3568 2300 3620 95719
2332 3562 2505 3620 (Mel.):

342 3633 445 3675 κατ’
476 3632 644 3686 ἐξοχὴν
676 3632 751 3676 ἐπὶ
782 3636 883 3675 τῶν
915 3634 1109 3687 μάλιστα
1140 3636 1214 3678 καὶ
1255 3636 1332 3679 ἐπὶ
1366 3636 1560 3690 ἄπειρον
1597 3636 1687 3689 τὴν
1718 3635 1906 3678 ἔννοιαν
1945 3636 2242 3679 ευνδεόντων
2271 3638 2418 3680 τοῦτο
2446 3636 2504 3680 τὸ

342 3703 492 3757 ὄνομα
523 3703 760 3757 τέτακται,
791 3705 839 3746 et
870 3706 924 3748 λε
958 3705 1033 3748 ἐπ’
1065 3705 1279 3760 ἄπειρον·
1311 3706 1527 3753 ἐπιπολὺ.
1586 3704 1641 3748 ln
1673 3705 1744 3750 6¹³
1774 3708 1822 3749 E
1832 3713 1847 3731 V
1871 3708 1913 3750 E
1924 3706 1942 3734 Ι)
1965 3707 2032 3750 Ει
2061 3705 2236 3761 legitur
2255 3707 2505 3751 ευνὸοῡειν.

340 3772 742 3817 Pseudochoerob.
768 3779 856 3829 1922
884 3787 969 3830 pro
1001 3778 1266 3822 ευνδέουειν
1295 3775 1442 3821 habet
1471 3778 1811 3831 ευμπλέκουειν
2422 3793 2427 3798 ’

346 3986 617 4039 [Lscnouss
649 3989 863 4044 Amasim]
924 3989 1011 4033 3—-
1036 3989 1115 4042 89,
1141 3989 1165 4033 1
1198 3990 1265 4033 ita
1286 3990 1627 4046 interpretatur
1650 3990 1782 4045 quasi
1803 3990 1974 4047 legerit
1993 3991 2238 4045 ἐκφέρουει
2258 3990 2501 4044 ευνὸεομέ-

345 4070 446 4110 νην.
510 4058 680 4104 subicit
711 4059 926 4116 exempla
955 4061 1137 4116 septem
