2808 4394
410 253 442 305 8
560 231 567 236 ’
999 254 1023 301 s
1054 240 1166 292 4-6
1198 251 1349 303 (5—7)
1407 247 1497 291 EX
1536 247 1682 294 REO.
1721 246 1984 291 PRIORE

551 380 666 433 Τίνι
706 380 946 444 διαφέρει
1005 379 1181 442 ςτιγμὴ
1238 377 1582 442 ὑποςτιγμῆς;
1641 376 1855 445 Χρόνῳ·
1914 376 1972 428 ἐν
2022 376 2116 440 μὲν
2154 376 2257 440 γὰρ
2293 381 2356 445 τῇ
2396 381 2746 445 ςτιγμῇρθθοιτ

410 466 550 517 πολὺ
591 466 651 517 τὸ
693 464 961 530 διάςτημα,
1001 463 1058 515 ἐν
1098 464 1157 515 δὲ
1195 467 1256 530 τῇ
1295 462 1586 530 ὑποςτιγμῇ
1626 463 1903 514 παντελῶς
1942 459 2146 522 ὀλίγον.
2602 480 2642 512 15

1115 636 1138 685 g
1171 636 1196 675 5
1227 631 1333 687 (sb)
1392 614 1524 676 Περὶ
1558 613 1881 676 ῬΑψΩιΔίΑς

553 719 830 789 Ῥαψῳδία
869 719 979 772 ἑςτὶ
1015 719 1175 783 μέρος
1213 719 1507 782 ποιήματος
1547 704 1954 783 ἐμπεριειληφὸς
1981 733 2099 768 τινα
2126 715 2392 769 ὑπόθεςιν.
2441 715 2577 781 εἴρη-

350 807 378 852 5
409 823 492 857 ται
533 807 591 857 δὲ
631 804 883 872 ῥαψῳδία
928 801 963 858 †
1002 803 1170 857 οἱονεὶ
1218 803 1491 871 ῥαβδῳδία
1528 820 1605 855 τις
1645 802 1803 871 οὖςα,
1843 801 1951 854 ἀπὸ
1989 805 2085 854 τοῦ
2125 802 2357 870 δαφνίνῃ
2395 801 2576 871 ῥάβδῳ
2599 827 2641 860 20

410 891 861 955 περιερχομένους
900 890 1047 957 ᾄδειν
1085 890 1151 941 τὰ
1188 888 1424 953 Ὁμήρου
1463 888 1746 953 ποιήματα.

414 1029 786 1085 [ΒιεοΒΕΡΑΝΤιΑ
819 1045 1103 1074 SCRIPTVRAE
1137 1045 1184 1071 m
1217 1028 1591 1085 LGBVHAfb]
1652 1026 1679 1069 1
1716 1027 1823 1082 τίνι]
1865 1033 1929 1082 πῇ
1960 1027 2023 1069 Af
2064 1027 2071 1081 Ι
2119 1027 2272 1069 totum
2312 1025 2400 1069 hoc
2436 1039 2580 1069 enun—
2611 1085 2620 1093 ι

412 1100 584 1144 tiatum
613 1100 1007 1156 interrogativum
1037 1099 1164 1143 tituli
1195 1099 1342 1143 instar
1370 1098 1649 1155 impressum
1682 1100 1754 1142 est
1772 1099 1817 1140 in
1841 1098 1898 1141 fb
1921 1098 1938 1154 ΙΙ
1959 1097 1988 1142 5
2019 1098 2164 1142 οἷονεί
2197 1095 2284 1140 LG
2320 1098 2327 1152 1
2363 1095 2581 1152 ῥαβδοδία

409 1171 527 1226 L¹G‚
561 1187 574 1215 ι
604 1186 745 1228 supra
766 1187 791 1215 ο
812 1171 874 1215 L²
896 1172 911 1227 ΙΙ
935 1172 965 1216 6
997 1172 1106 1214 ante
1138 1172 1344 1225 Ὁμήρου
1376 1169 1469 1212 add
1498 1173 1583 1213 τοῦ
1606 1169 1813 1212 VHAfb

413 1299 817 1355 [DJSCREPANTIAE
838 1314 894 1341 ET
911 1313 1198 1341 TESTIMONIA
1220 1313 1462 1341 scaomon.
1482 1297 1612 1351 (Σλ)
1633 1311 1948 1340 EROTEMATVM
1969 1298 2051 1351 (E)
2083 1312 2292 1340 ALIORVM
2317 1295 2579 1352 sempron]

408 1370 435 1413 1
467 1369 624 1414 omnia
654 1375 701 1414 Σ
737 1371 785 1413 et
823 1373 896 1414 Eg
933 1369 1054 1412 hanc
1092 1367 1481 1425 interrogativam
1518 1368 1755 1411 testantur
1799 1366 1998 1410 docendi
2035 1367 2233 1410 formam
2273 1379 2393 1422 quae
2432 1365 2580 1422 suspi—

410 1441 592 1484 cionem
623 1439 859 1485 movebat.
913 1439 1039 1495 quod
1070 1438 1269 1482 Zonaras
1308 1439 1399 1482 lex.
1436 1443 1543 1482 1673
1574 1437 1735 1481 scribit
1765 1439 1974 1492 διαφέρει
2006 1438 2055 1480 δὲ
2091 1439 2254 1492 ςτιγμὴ
2292 1439 2580 1492 ὑποςτιγμῆς

410 1512 590 1567 χρόνῳ·
632 1511 684 1554 ἐν
724 1513 807 1564 μὲν
845 1512 933 1565 γὰρ
965 1513 1064 1562 κτλ,
1103 1509 1278 1552 nullius
1316 1508 1546 1552 momenti
1576 1509 1648 1552 est
1682 1509 1697 1563 ss
1798 1509 1828 1552 5
1860 1507 1988 1550 Duas
2017 1507 2244 1563 legebant
2274 1507 2582 1564 etymologias

410 1580 731 1624 scholiastae*
770 1586 819 1626 Σ
845 1586 963 1635 ’766Η
987 1579 1140 1636 (Mel),
1196 1581 1326 1624 cuius
1371 1568 1516 1624 verba
1569 1578 1710 1623 etiam
1749 1577 2040 1634 V(Viu18·2)
2080 1576 2123 1620 N
2157 1576 2396 1631 (Wachsm
2413 1579 2514 1632 384)
2541 1577 2581 1620 K

408 1650 652 1705 exhibent,
711 1651 960 1708 ῥαψῳδίαν
1019 1650 1078 1694 ab
1138 1650 1362 1706 Dionysio
1425 1649 1500 1694 vel
1553 1663 1609 1693 ex
1648 1651 1816 1709 ῥάβδος
1871 1649 1920 1692 et
1973 1650 2072 1706 ᾠδή
2119 1649 2196 1693 vel
2235 1650 2330 1693 ἀπὸ
2370 1653 2456 1693 τοῦ
2503 1650 2583 1705 ῥά-

410 1736 545 1765 πτειν
577 1721 780 1765 derivari
810 1721 939 1775 dicit,
971 1735 1065 1766 non
1096 1722 1273 1765 addens
1302 1721 1351 1764 in
1382 1721 1532 1764 altera
1553 1719 1842 1777 etymologia
1873 1721 1998 1776 ᾠδῆς
2018 1733 2204 1772 nomen,
2236 1721 2378 1775 atque
2408 1718 2585 1776 repetit

410 1798 660 1847 utramque
701 1792 1040 1836 derivationem
1079 1792 1312 1836 contrario
1353 1792 1514 1835 tamen
1546 1791 1709 1834 ordine
1744 1796 1862 1846 767,:
1904 1792 1930 1835 ὁ
1961 1793 2017 1835 Δ.
2050 1791 2156 1835 εἶπε
2186 1792 2271 1834 τὰς
2302 1791 2386 1834 δύο
2418 1791 2582 1844 ἐτυμο-

411 1863 591 1917 λογίας,
638 1866 666 1918 ἢ
714 1865 809 1907 ἀπὸ
850 1867 935 1906 τοῦ
973 1864 1194 1918 ῥάπτειν,
1242 1866 1458 1908 τουτέςτι
1488 1864 1547 1906 τὰ
1577 1865 1803 1906 διεςτῶτα
1834 1863 2070 1917 ςυνάγειν,
2104 1863 2132 1914 ἢ
2165 1863 2260 1905 ἀπὸ
2291 1866 2377 1905 τοῦ
2409 1852 2582 1917 ῥάβδον

410 1939 703 1989 κρατοῦντας
735 1934 1089 1978 ἑπιδείκνυςθαι.
1149 1938 1198 1977 Σ
1227 1938 1326 1989 ’7698
1359 1933 1539 1990 (Porph
1569 1934 1618 1976 in
1651 1932 1747 1976 UH
1766 1933 1816 1987 V,
1851 1931 1998 1988 Steph
2027 1931 2077 1974 in
2107 1931 2192 1988 N):
2236 1933 2502 1986 ὠνόμαςται
2531 1935 2583 1978 δὲ

410 2005 505 2049 ἀπὸ
543 2009 631 2049 τοῦ
672 2007 811 2059 ῥάψω
853 2006 1110 2058 μέλλοντος
1149 2006 1223 2048 καὶ
1262 2008 1349 2048 τοῦ
1391 2006 1490 2060 ᾠδή
1523 2004 1606 2059 (sic
1636 2004 1732 2057 Vb,
1764 2003 1847 2047 sed
1883 2002 1977 2046 UH
2014 2004 2141 2058 παρὰ
2176 2004 2264 2048 τὸν
2299 2003 2437 2058 ῥάψω
2476 2005 2583 2059 μέλ-

410 2080 555 2120 λοντα
586 2077 660 2119 καὶ
691 2080 776 2118 τοῦ
809 2077 941 2131 ᾠδή),
975 2075 1145 2119 subicit
1176 2076 1336 2120 autem
1357 2089 1451 2119 non
1469 2064 1604 2119 nulla
1624 2074 1685 2118 ad
1706 2074 1906 2118 alterum
1937 2073 2251 2128 veriloquium
2272 2074 2576 2130 pertinentia.

409 2151 459 2191 Σ
490 2147 538 2188 in
577 2145 672 2189 UH
718 2160 745 2189 a
791 2136 995 2189 Prellero
1050 2160 1208 2203 progr.
1261 2147 1453 2203 Dorpat.
1495 2149 1604 2190 1840
1646 2161 1677 2203 p
1709 2151 1759 2189 21
1808 2144 2009 2199 editum,
2071 2157 2272 2200 quocum
2325 2145 2582 2190 maximam
2656 2162 2659 2165 ’

409 2218 594 2273 partem
639 2222 689 2261 Σ
729 2217 778 2260 in
816 2216 890 2260 V11
943 2218 1166 2261 concinit:
1221 2219 1311 2272 τὴν
1363 2217 1611 2274 ῥαψῳδίαν
1665 2219 1740 2261 καὶ
1794 2217 1939 2260 αὐτὸς
1991 2218 2395 2271 παρετυμολογῶν
2455 2218 2583 2271 λέγει

411 2290 651 2402 διαφόρως
701 2292 957 2343 παρῆχθαι·
1013 2291 1040 2343 ἢ
1094 2290 1180 2343 γὰρ
1239 2289 1365 2343 παρὰ
1415 2289 1472 2331 τὸ
1522 2289 1740 2344 ῥάπτειν,
1793 2289 1955 2342 ἐπειδὴ
2006 2288 2065 2331 τὰ
2116 2289 2206 2343 επη
2252 2288 2581 2343 ςυρράπτεται,

560 2361 644 2413 ,ἢ
692 2361 819 2414 παρὰ
868 2361 925 2403 τὸ
965 2361 1081 2414 μετὰ
1111 2361 1283 2414 ῥάβδου
1315 2359 1549 2416 δαφνίνης
1578 2360 1691 2404 τοὺς
1719 2360 1972 2415 ῥαψῳδοὺς
2003 2359 2063 2401 τὰ
2094 2359 2184 2412 ἔπη
2217 2358 2576 2416 ἑπιδείκνυςθαι.

410 2392 489 2474 Σ
486 2429 535 2472 in
569 2427 613 2470 N
642 2429 862 2473 Wachsm
894 2435 998 2474 383:
1031 2431 1166 2484 φηςί·
1200 2431 1434 2487 ῥαβδῳδία
1464 2444 1533 2474 τις
1565 2431 1679 2474 οὖςα
1709 2432 1960 2484 πρότερον,
1992 2431 2189 2484 ὕςτερον
2210 2429 2428 2485 ῥαψῳδία
2448 2430 2582 2486 ἐκλή-

412 2504 469 2556 θη
503 2501 621 2544 κατὰ
660 2503 926 2555 μεταβολὴν
965 2506 1051 2545 τοῦ
1093 2507 1117 2556 β
1148 2503 1224 2546 καὶ
1255 2505 1280 2545 δ
1321 2501 1384 2546 εἰς
1415 2517 1452 2556 ψ
1475 2535 1629 2554 ......
1662 2502 1690 2555 ἢ
1722 2500 1940 2556 ῥαψῳδία
1971 2501 2151 2556 εἴρηται
2181 2501 2277 2544 ἀπὸ
2309 2504 2395 2544 τοῦ
2427 2515 2582 2557 ςυνερ·

413 2574 587 2626 ράφθαι
619 2572 669 2614 ἑκ
701 2572 946 2626 διαφόρων
978 2574 1154 2617 λέξεων
1187 2574 1262 2616 καὶ
1293 2574 1549 2628 νοημάτων
1580 2573 1638 2616 τὰ
1661 2573 1765 2626 ἔπη.
1815 2570 2088 2615 Erotemata
2110 2570 2580 2616 Schellersheimiana

410 2646 531 2696 68114
562 2655 665 2684 eam
695 2642 878 2685 tantum
911 2642 1246 2700 etymologiam
1277 2644 1523 2699 praebent,
1555 2657 1696 2699 quam
1728 2642 1913 2687 codices
1944 2641 2073 2696 artiS‚
2109 2641 2192 2685 sed
2222 2643 2471 2698 utramque
2503 2655 2581 2686 ex-

410 2712 577 2756 hibent
614 2716 686 2757 Eg
719 2714 810 2769 (Ev
833 2714 909 2756 Eb
931 2715 998 2757 Et
1037 2726 1114 2756 om
1144 2715 1295 2758 totam
1326 2716 1392 2770 §):
1431 2716 1556 2770 παρὰ
1594 2716 1651 2758 τὸ
1691 2715 1859 2769 ῥάβδος
1900 2716 1975 2757 καὶ
2005 2714 2062 2756 τὸ
2096 2713 2196 2769 ᾠδή
2221 2745 2365 2756 .....
2400 2714 2578 2758 ἄλλως·

412 2784 538 2838 παρὰ
568 2785 624 2826 τὸ
657 2783 824 2835 ῥάπτω
856 2785 913 2827 τὸ
946 2785 1202 2839 ςυντίθημι.
1263 2784 1465 2841 denique
1495 2785 1690 2842 legebat
1718 2786 1968 2840 utramque
1999 2783 2273 2827 Eustathius
2313 2798 2500 2841 quoque
2531 2785 2581 2828 in

411 2853 533 2897 Hom
564 2859 627 2908 612
643 2853 697 2897 R.
757 2855 810 2896 In
854 2854 990 2898 tanta
1034 2855 1410 2900 testimoniorum
1459 2857 1595 2911 copia
1637 2856 1798 2899 tamen
1834 2855 2016 2899 restant
2053 2854 2111 2898 de
2158 2854 2328 2910 quibus
2366 2855 2579 2901 dubites:

415 2926 460 2980 1)
491 2924 649 2967 utram
681 2925 1015 2982 etymologiam
1047 2925 1296 2982 Dionysius
1326 2927 1483 2983 priore
1513 2927 1616 2970 loco
1648 2926 1870 2983 posuerit,
1909 2928 1956 2982 2)
1997 2940 2110 2969 num
2142 2927 2267 2983 ᾠδῆς
2296 2939 2469 2971 nomen
2500 2927 2580 2971 ad-

414 2994 587 3038 diderit
626 2995 683 3038 ad
717 2996 919 3051 ῥάπτειν
952 2997 1172 3052 verbum,
1214 2999 1261 3053 3)
1299 2998 1537 3054 praesenti
1574 3012 1634 3041 an
1671 2998 1830 3041 futuro
1875 2997 2088 3052 tempore
2133 2996 2271 3040 huius
2308 2996 2443 3041 verbi
2470 3011 2582 3042 usus

414 3066 490 3120 sit,
519 3061 567 3122 4)
599 3067 756 3109 utrum
787 3068 883 3111 ἀπὸ
916 3073 1001 3112 τοῦ
1035 3082 1092 3111 an
1125 3070 1250 3125 παρὰ
1281 3071 1338 3113 τὸ
1370 3068 1553 3116 dixerit,
1614 3068 1697 3112 sed
1725 3068 1814 3112 hae
1847 3067 2164 3112 dubitationes
2194 3067 2425 3112 tolluntur
2444 3067 2580 3113 latini

416 3195 701 3252 [L1-:cmoNss
734 3196 954 3252 mmmm]
1018 3195 1043 3240 1
1084 3196 1229 3239 habet
1272 3195 1690 3253 interrogationem
1738 3197 1754 3251 ΙΙ
1811 3196 1840 3240 5
1882 3209 2002 3251 quae
2034 3195 2092 3239 de
2123 3195 2401 3252 rhapsodiae
2432 3195 2579 3239 nomi-

413 3265 483 3309 nis
514 3265 799 3322 etymologia
828 3266 988 3320 habet‚
1018 3267 1106 3310 hoc
1137 3267 1276 3311 modo
1307 3266 1355 3310 in
1385 3281 1604 3325 graecam
1632 3266 1846 3322 linguam
1877 3266 1937 3309 ad
1966 3266 2160 3310 verbum
2190 3266 2421 3310 vertenda
2445 3267 2576 3310 sunt:

331 3374 356 3388 -
415 3337 596 3392 εἴρηται
628 3338 677 3380 δὲ
708 3336 926 3391 ῥαψῳδία
958 3338 1052 3381 ἀπὸ
1075 3342 1160 3381 τοῦ
1183 3339 1378 3393 ῥάπτειν
1402 3341 1553 3393 ὀμοῦῖ
1586 3339 1663 3394 (τὰ
1689 3339 1730 3394 ‘?)
1763 3338 1852 3393 ἔπη
1884 3340 1912 3392 ἢ
1946 3338 2040 3382 ἀπὸ
2071 3340 2156 3380 ‘roo
2189 3332 2390 3393 δαφνίνῃ
2421 3337 2578 3394 ῥάβδῳ

413 3409 643 3462 ὸρχεῑςθαι
690 3409 741 3451 ἐν
783 3413 853 3461 τῷ
887 3410 1013 3462 ᾄδειν
1059 3410 1118 3453 τὰ
1150 3410 1376 3463 Ὁμηρικὰ
1415 3411 1676 3464 ποιήματα,
1721 3409 1863 3464 atque
1901 3407 2016 3451 licet
2044 3407 2294 3451 Armenius
2331 3407 2435 3464 ipsa
2461 3408 2580 3452 haec

412 3477 558 3521 verba
578 3477 625 3519 in
648 3477 859 3533 Dionysii
880 3479 1134 3534 exemplari
1157 3494 1239 3524 suo
1259 3480 1492 3524 invenisse
1512 3477 1670 3535 putari
1689 3479 1909 3534 nequeat,
1931 3479 2091 3522 tamen
2114 3491 2171 3522 ex
2190 3478 2580 3535 interpretatione

414 3548 511 3591 eius
542 3547 658 3591 haec
690 3548 893 3591 elucent:
923 3554 977 3601 ,1)
1008 3549 1162 3605 ipsum
1202 3563 1388 3606 quoque
1419 3551 1668 3605 utramque
1708 3548 2042 3606 etymologiam
2071 3548 2254 3605 legisse,
2287 3551 2332 3607 2)
2363 3563 2468 3595 eam
2499 3549 2578 3595 de-

412 3617 694 3662 rivationem
743 3632 886 3674 quam
932 3619 1115 3663 codices
1147 3621 1374 3665 omittunt
1401 3621 1571 3678 legisse
1615 3619 1770 3677 priore
1808 3620 1926 3670 loco,
1972 3625 2016 3671 3)
2049 3622 2174 3677 ᾠδῆς
2205 3628 2379 3666 nomen·
2407 3621 2457 3665 in
2485 3621 2573 3666 hac

415 3689 702 3746 etymologia
745 3689 960 3733 additum
1010 3703 1101 3733 non
1147 3691 1396 3736 invenisse.
1471 3692 1645 3736 etenim
1685 3690 1927 3748 ῥαψῳδίας
1965 3704 2135 3735 nomen
2175 3692 2332 3736 reddit
2369 3692 2576 3736 armenio

414 3759 641 3803 vocabulo
662 3758 1084 3823 hak‘nerkout—hiun,
1132 3763 1262 3805 cuius
1308 3763 1437 3819 prior
1466 3776 1573 3819 pars
1599 3762 1663 3807 ab
1693 3762 1884 3806 haknem
1913 3782 1968 3798 =
1999 3762 2165 3817 ῥάπτω
2205 3761 2463 3807 derivanda
2492 3763 2576 3816 est,

415 3829 565 3874 altera
595 3830 654 3874 ab
686 3830 762 3874 erk
791 3851 846 3867 =
880 3832 995 3887 ᾠδή.
1056 3832 1173 3875 illud
1206 3834 1281 3877 erk
1312 3834 1469 3877 autem
1501 3847 1593 3877 non
1623 3831 1862 3876 invenitur
1898 3832 1946 3875 in
1976 3833 2131 3889 priore
2164 3832 2464 3890 etymologia,
2494 3833 2577 3878 sed

416 3900 543 3943 aliud
573 3914 743 3944 nomen
775 3904 922 3958 (pan),
972 3903 1102 3946 cuius
1148 3903 1216 3946 vis
1248 3904 1414 3947 eadem
1445 3904 1540 3948 fere
1573 3904 1644 3948 est
1673 3904 1814 3958 atque
1846 3903 2004 3960 graeci
2035 3905 2165 3948 ἔπος.
2234 3903 2360 3959 quod
2405 3915 2577 3947 nomen

418 3971 661 4013 Armenius
695 3976 939 4025 (graecum
970 3973 1192 4027 scholion,
1224 3976 1278 4017 ut
1307 3974 1507 4029 videtur,
1539 3974 1742 4029 secutus)
1774 3973 1979 4027 addidit,
2012 3975 2065 4016 ut
2095 3972 2349 4017 consuendi
2380 3972 2577 4017 verbum

420 4039 613 4084 haberet
649 4041 884 4087 obiectum
