2814 4400
882 254 962 298 DE
992 255 1260 300 SCHOLIIS
1292 255 1770 302 VETVS'I'IORIBVS
1801 261 1887 313 (Σ)
2285 261 2454 305 XXXV

304 385 428 451 post
464 382 765 435 Bekkerum
814 382 928 452 (qui
963 401 999 450 Ρ
1029 382 1376 435 1162-1180
1423 382 1782 451 discrepantes
1828 404 1938 438 non
1984 386 2155 439 nullas
2194 387 2446 440 lectiones

304 466 622 536 protulerat)
651 466 893 536 equidem
918 466 1249 535 perlustravi.
1301 470 1519 534 uterque
1547 467 1711 529 codex
1728 469 1930 522 omittit
1955 471 2456 540 interpretationem

301 549 763 620 paragraph‘orum
803 550 1023 603 11—-19,

535 676 591 729 H
631 677 712 730 De
751 676 1146 730 commentariis
1183 677 1274 745 qui
1312 694 1376 729 ex
1415 678 1768 747 complurium
1807 680 2211 735 scholiastarum

256 777 279 809 5
866 761 1407 830 interpretationibus
1446 763 1727 831 compositi
1763 767 1903 817 sunt.

784 876 830 927 1.
870 873 1302 926 Decollectione
1340 873 1665 929 scholiorum
1702 875 1985 932 Vaticana..

439 959 664 1030 Legitur
698 960 756 1012 in
791 957 1122 1011 Vaticano
1174 958 1240 1010 14
1286 957 1386 1028 (U,
1428 960 1568 1028 apud
1605 959 1908 1014 Bekkerum
1944 961 2016 1030 V)
2055 963 2130 1015 fol
2156 964 2454 1018 33v-127v

298 1046 352 1096 et
389 1043 881 1114 Hamburgensi
920 1042 1047 1114 (H),
1106 1044 1163 1095 in
1211 1061 1368 1112 quem
1414 1044 1547 1097 haec
1594 1045 1806 1114 quidem
1855 1045 2175 1099 scholiorum
2222 1067 2343 1117 pars
2390 1068 2452 1102 ex

296 1128 561 1182 Vaticano
599 1133 710 1181 tum
723 1170 738 1197 ,
788 1132 850 1180 ut
885 1127 1117 1196 videtur,
1165 1127 1306 1181 lectu
1350 1128 1588 1182 faciliore
1625 1129 1948 1199 transcripta
1986 1133 2092 1199 est,
2131 1151 2166 1200 p
2192 1133 2452 1187 33—278.

234 1228 277 1260 10
298 1213 622 1282 archetypon
661 1213 1121 1265 membranaceum
1160 1215 1265 1282 est,
1301 1213 1507 1266 formae
1545 1215 1833 1282 quadratae
1860 1216 2095 1281 minoriS,
2135 1197 2451 1286 rescriptum

198 1336 204 1341 -
296 1299 506 1351 saeculo
544 1297 675 1350 XIII
721 1297 809 1368 (de
846 1298 1094 1367 antiquae
1142 1316 1333 1350 manus
1378 1299 1621 1368 vestigiis
1665 1317 1774 1352 non
1810 1301 1995 1366 nulliS,
2049 1319 2182 1370 quae
2231 1303 2455 1373 troparii

270 1382 600 1453 *fragmenta
636 1383 907 1451 exhibent,
947 1383 1067 1435 vide
1105 1382 1406 1436 Bekkerum
1444 1402 1480 1453 p
1509 1384 1686 1454 1⁸136).
1754 1385 1957 1438 contuli
1984 1386 2254 1455 exemplar
2280 1388 2450 1455 quoad

231 1508 234 1509 γ
295 1470 503 1538 tempus
559 1468 876 1537 suppetebat
921 1486 1060 1521 anno
1112 1468 1249 1521 1870
1302 1486 1420 1521 cum
1470 1467 1698 1521 Bekkeri
1747 1470 2005 1539 editione3
2056 1471 2228 1523 denuo
2277 1475 2452 1524 autem

296 1549 504 1605 summa
542 1553 822 1623 diligentia
858 1553 1148 1622 scripturas
1186 1553 1297 1604 eius
1348 1553 1486 1606 eruit
1523 1572 1555 1605 a
1589 1572 1674 1606 me
1710 1558 1929 1624 rogatus
1966 1574 2137 1624 nuper
2174 1556 2451 1609 MauiUS.
2546 1607 2550 1614 ,

233 1650 274 1681 15
298 1635 571 1689 Bekkerus
607 1637 918 1706 plerumque
954 1636 1362 1704 Hamburgense
1401 1638 1747 1707 apographon
1785 1643 1994 1692 secutus
2021 1643 2116 1692 est.
2191 1658 2289 1693 nec
2315 1641 2451 1693 diffi-

255 1740 259 1745 ⁴
294 1722 394 1773 teri
443 1722 570 1774 licet
615 1722 845 1791 aliquem
893 1721 1049 1774 huius
1097 1739 1307 1790 quoque
1353 1740 1469 1774 esse
1517 1741 1672 1775 usum
1716 1726 1934 1793 propter
1980 1743 2096 1776 eam
2135 1743 2269 1794 quae
2307 1744 2449 1778 nunc

295 1809 376 1858 est
422 1805 673 1866 Vaticani
718 1807 842 1859 libri
891 1806 1277 1861 condicionem.
1364 1807 1456 1858 sed
1502 1825 1613 1859 non
1663 1809 1841 1860 minus
1886 1812 2037 1877 patet
2081 1810 2250 1862 multa
2287 1810 2450 1862 Ham-

293 1890 575 1960 burgensis
632 1892 953 1960 exemplaris
1011 1894 1277 1959 auctorem
1334 1891 1540 1943 incuria
1595 1895 1687 1944 aut
1740 1894 1982 1945 consulto
2037 1895 2341 1947 mutavisse.
2382 1925 2451 1934 —

295 1973 637 2044 Compositus
687 1979 864 2029 autem
905 1979 987 2029 est
1033 1977 1123 2028 hic
1162 1977 1575 2029 commentarius
1621 1977 1995 2030 miscellaneus
2035 1996 2097 2031 ex
2135 1980 2449 2047 interpreta-

229 2073 272 2105 20
293 2059 532 2113 tionibus
559 2061 992 2130 Melampodis
1020 2061 1152 2128 (sive
1179 2060 1534 2113 Diomedis.
1582 2061 1702 2118 vide
1729 2061 2051 2131 Hilgardum
2076 2082 2111 2132 Ρ
2138 2052 2366 2134 12-19)
2381 2069 2449 2134 *),

294 2143 628 2214 Stephani⁴
660 2144 833 2216 (Hilg.
862 2164 897 2214 p
927 2145 1187 2213 19—21),
1226 2144 1587 2214 Porphyrii
1628 2147 1899 2199 cuiusdam
1939 2146 2107 2217 (Hilg,
2136 2167 2170 2216 p
2197 2149 2447 2217 22—23),

293 2228 562 2298 Georgii
601 2229 770 2300 (Hilg.
809 2249 844 2299 p
873 2231 902 2283 7
930 2234 985 2282 et
1009 2229 1211 2302 22)**).
1284 2230 1433 2283 Inter
1470 2230 1570 2283 hos
1606 2231 1924 2300 interpretes
1963 2232 2287 2286 distribuere
2324 2252 2448 2286 con-

290 2313 458 2383 geriei
496 2314 817 2368 scholiorum
855 2313 1150 2367 Vaticanae
1194 2317 1479 2368 maximam
1517 2315 1729 2384 quidem
1767 2319 1973 2384 partem
2012 2317 2241 2386 contigit
2278 2317 2446 2371 Hoer-

293 2399 627 2452 schelmanni
682 2399 1035 2470 Hilgardique
1090 2399 1381 2453 industriae
1440 2407 1493 2452 et
1543 2401 1823 2469 sagacitati
1871 2402 2012 2469 (vide
2059 2402 2292 2454 indicem
2330 2402 2444 2455 Hil-

228 2495 270 2527 25
293 2483 612 2552 gardianum
655 2503 691 2553 Ρ
717 2485 972 2554 47—51.).
1069 2484 1133 2536 de
1180 2485 1485 2537 rationibus
1526 2485 1939 2553 interpretandi,
1989 2504 2119 2554 quas
2167 2487 2447 2539 observare

290 2563 415 2620 licet
460 2569 516 2620 in
565 2569 915 2638 Melampodis
963 2572 1017 2621 et
1064 2567 1323 2638 Stephani
1372 2568 1587 2621 scholiis
1600 2609 1614 2636 ‚
1671 2586 1780 2620 non
1832 2568 1983 2620 nulla
2019 2569 2078 2621 in
2114 2569 2288 2624 indice
2327 2588 2444 2623 meo

289 2651 458 2705 latino
497 2653 594 2706 sub
630 2653 714 2706 his
751 2653 1058 2706 nominibus
1096 2653 1384 2722 composui.

429 2767 472 2822 ³¹³)
503 2766 860 2823 Melampodeae
901 2765 1259 2822 explanationes
1298 2767 1512 2822 sumpta-e
1550 2767 1660 2809 sunt
1689 2779 1746 2810 ex
1776 2766 1936 2810 codice
1968 2767 2050 2820 qui
2081 2770 2310 2824 cognatus
2341 2771 2446 2813 erat

289 2836 548 2882 Havniensi
580 2842 689 2881 1965
721 2838 770 2882 et
798 2836 1029 2880 Vaticano
1066 2840 1194 2880 1766:
1234 2850 1437 2892 namque
1478 2838 1532 2880 ut
1570 2837 1618 2879 in
1648 2836 1740 2880 illis
1771 2837 1904 2880 libris
1935 2838 2016 2893 qui
2047 2840 2322 2882 continuum
2352 2839 2445 2883 Me·

224 2908 522 2965 301ampodis
554 2908 941 2952 commentarium
973 2906 1218 2960 exhibent,
1257 2907 1325 2950 ita
1360 2907 1408 2950 in
1448 2907 1722 2951 collectione
1762 2921 1948 2964 quoque
1980 2908 2210 2952 Vaticana
2240 2909 2297 2953 de
2333 2910 2445 2953 artis

240 2967 248 2971 ¹
289 2974 598 3035 paragraphis
634 2984 795 3023 11——19
826 2978 1008 3022 nullum
1038 2977 1175 3020 huius
1205 2977 1483 3020 scholiastae
1513 2977 1711 3022 verbum
1739 2978 1989 3022 invenitur.

401 3049 467 3103 **)
499 3049 883 3105 Porphyrium
920 3048 1059 3091 fuisse
1098 3047 1392 3091 Platonicum
1432 3049 1527 3091 iam
1573 3047 2026 3092 Hoerschelmannus
2074 3050 2200 3092 recte
2250 3051 2445 3107 negavit

287 3118 318 3163 1.
349 3119 380 3165 l.
410 3134 442 3176 p
467 3124 520 3163 74
558 3121 606 3163 et
644 3120 733 3162 act.
763 3118 1001 3162 societatis
1039 3116 1201 3172 philol.
1234 3116 1358 3174 Lips
1388 3118 1430 3161 V
1460 3133 1492 3174 p
1514 3122 1610 3162 298.
1655 3117 1800 3162 nihilo
1822 3132 1931 3162 vero
1953 3119 2103 3176 magis
2134 3118 2441 3176 Georgium

287 3189 428 3234 fuisse
475 3189 848 3234 Choeroboscum
892 3187 1007 3230 mihi
1060 3202 1164 3232 cum
1216 3187 1443 3243 Hilgardo
1493 3189 1686 3235 constat.
1767 3187 1952 3232 videtur
2004 3188 2044 3231 is
2089 3188 2252 3245 fuisse,
2303 3203 2442 3244 quem

223 3265 266 3298 35
287 3261 476 3317 praeter
521 3259 894 3304 Choeroboscum
939 3259 989 3302 et
1036 3257 1340 3301 Heliodorum
1378 3258 1545 3302 laudat
1580 3258 1710 3302 locus
1751 3272 1779 3301 a
1816 3258 2172 3303 Wachsmuthio
2214 3274 2238 3304 e
2286 3260 2442 3305 codice

287 3331 612 3375 Vallicelliano
643 3330 679 3374 F
709 3335 762 3375 68
802 3328 1077 3384 exscriptus:
1126 3329 1413 3384 ἐξηγήεαντο
1453 3328 1552 3381 (scil
1590 3330 1740 3373 artem
1771 3328 2126 3386 Dionysianam)
2158 3332 2443 3386 Ἡλιόδωρος

288 3404 364 3446 καὶ
407 3403 633 3457 Γεώργιόε
670 3415 740 3444 τι(
779 3402 855 3444 καὶ
894 3400 1195 3454 πλατύτερον
1226 3401 1251 3442 ὁ
1289 3400 1606 3454 Χοιροβοεκόε.
1666 3400 1742 3442 cui
1772 3399 1981 3459 opinioni
2011 3401 2071 3444 ab
2102 3400 2330 3458 Hilgardo
2360 3417 2391 3458 p
2415 3407 2438 3445 7
2469 3406 2486 3413 ‘

287 3471 556 3529 propositae
594 3484 687 3515 non
726 3470 930 3515 debebat
964 3468 1234 3525 Egenolffus
1273 3469 1503 3526 Philolog.
1543 3469 1825 3513 Rundschau
1868 3475 1974 3515 1882
2005 3485 2036 3526 p
2067 3476 2151 3515 457
2183 3484 2439 3529 opponere:

294 3542 418 3596 Wie,
459 3555 592 3587 wenn
632 3542 708 3586 die
737 3541 1059 3587 Schlusswo‘rte
1095 3553 1182 3584 aus
1212 3539 1293 3583 der
1321 3539 1461 3583 Notiz
1489 3540 1553 3583 im
1589 3538 1939 3584 Vallicellianus
1967 3554 2015 3584 so
2043 3541 2134 3585 viel
2164 3542 2439 3594 bedeuteten,
2483 3590 2490 3596 ‚

223 3623 266 3654 40
289 3613 373 3657 wie
403 3614 429 3657 ὁ
461 3614 537 3657 καὶ
566 3614 865 3668 πλατύτερον
896 3612 1233 3667 Χοιροβοεκόεῗ
1291 3624 1399 3653 nam
1435 3610 1523 3653 iste
1560 3609 1698 3653 huius
1729 3611 2036 3667 comparativi
2064 3625 2172 3655 usus
2201 3611 2439 3654 inauditus

287 3684 380 3735 est3
425 3696 650 3740 persaepe
695 3684 860 3726 contra
904 3681 961 3725 tle
1000 3680 1291 3737 expositione
1335 3680 1550 3724 uberiore
1595 3681 1860 3737 usurpatur.
1926 3694 2011 3724 nec
2057 3683 2289 3737 conspirat
2333 3695 2438 3723 cum

286 3752 520 3809 Egenolffi
549 3752 938 3808 interpretatione
967 3766 1037 3796 τις
1067 3763 1339 3808 pronomen.
1398 3752 1461 3794 At
1489 3764 1583 3794 non
1614 3751 1815 3794 eundem
1847 3765 1946 3795 esse
1979 3749 2233 3806 Georgium
2264 3764 2438 3807 anepo-

285 3837 480 3879 nymum
511 3823 682 3867 codicis
714 3822 929 3867 Vaticani
958 3835 1063 3866 cum
1096 3820 1345 3878 Georgio
1378 3820 1644 3865 Curtesio
1675 3820 2000 3875 Scholario,
2033 3834 2172 3876 quam
2204 3820 2436 3864 coniectu-

287 3908 387 3938 ram
418 3893 671 3949 Hilgardus
708 3892 1067 3948 perdubitanter
1103 3891 1385 3948 protulerat,
1425 3905 1548 3935 nunc
1578 3891 1690 3935 satis
1719 3890 2053 3945 intelleximus,
2098 3891 2347 3946 postquam
2379 3905 2437 3935 ex

222 3968 265 4000 4⁵
287 3963 490 4008 Curtesii
517 3962 790 4020 protheoria
819 3962 896 4006 vel
923 3962 1121 4018 isagoga
1151 3965 1291 4026 (quae
1320 3960 1368 4002 in
1398 3960 1528 4005 libris
1559 3961 1838 4016 Burbonico‚
1873 3960 2214 4016 Vallicelliano,
2244 3961 2435 4018 Angeli-

288 4033 416 4078 canis
448 4034 626 4078 duobus
658 4033 827 4085 exstat)
862 4032 1003 4088 plura
1032 4030 1214 4075 Manius
1245 4029 1358 4072 mihi
1389 4031 1636 4087 exscripsit
1656 4044 1795 4087 quam
1827 4032 1926 4087 ipse
1958 4031 2067 4074 olim
2098 4043 2433 4086 excerpseram.

2036 4101 2096 4143 C*
