2814 4400
779 295 859 339 DE
890 293 1068 341 CODD.
1098 292 1379 337 LEIDENSI
1409 292 1486 337 m·
1513 293 1865 339 MONACENSI
2252 295 2398 340 XXIX

247 429 358 479 τῶν
396 423 611 476 ὑδάτων
647 424 744 477 τὸν
781 423 960 476 ἀλιαία
985 420 1125 491 (sic).
1201 419 1529 472 continuavit
1566 438 1779 488 operam
1815 421 1919 474 alia
1955 439 2141 474 manus
2166 440 2201 491 p
2226 422 2396 475 332-

247 507 352 560 333
377 506 512 562 med.
537 532 607 550 =
631 506 755 576 254,
774 537 832 545 —
850 505 998 574 255„
1027 503 1349 573 8Ρ..κύριοε,
1387 504 1617 556 absolvit
1651 523 1776 558 vero
1813 524 1994 558 rursus
2031 506 2204 575 prima
2236 525 2271 574 p
2297 508 2400 559 333

247 617 317 635 =
341 591 486 659 255„
531 581 778 656 Ἰωάννής
803 621 871 630 -
896 589 1049 658 25518
1084 591 1392 642 τελειοῦται.
1459 646 1462 648 ,
1723 657 1731 663 ⁴

388 674 595 727 Deinde
640 675 900 744 repetitur
945 672 1094 724 nullo
1140 672 1315 724 indice
1362 671 1639 723 interiecto
1681 673 1945 740 particula
1982 675 2401 728 commentarioli

204 779 227 812 5
249 759 513 827 byzantii:
558 777 593 828 p
630 759 747 829 2623
784 757 855 809 H.
894 756 1203 821 κυριολογία
1249 756 1308 809 δέ
1345 756 1480 809 ἐςτιν
1517 757 1549 820 ἡ
1588 757 1782 821 κυρίως
1817 758 1970 810 τοῦτ’
2007 759 2143 813 ἔετιν
2180 759 2404 826 ἀληθινὰ

249 844 505 908 λέγουεα·
562 841 894 909 τροπολογία
941 842 1001 893 δὲ
1045 841 1364 906 παρατροπὴ
1418 840 1666 906 ἀληθεία(
1721 845 1878 909 (quae
1933 842 2178 894 videntur
2229 844 2401 912 primo

247 927 438 980 obtutu
474 927 902 996 supplementum
938 922 1061 975 libri
1097 924 1217 989 περὶ
1252 924 1470 990 τρόπων
1509 924 1647 994 esse)
1682 942 1847 993 usque
1889 925 1954 977 ad
1991 926 2150 978 finem
2188 927 2402 979 secundi

248 1011 380 1064 artis
403 1013 611 1081 capitis.
646 1013 804 1079 atque
823 1007 1021 1077 scripta
1040 1010 1166 1060 sunt
1188 1009 1497 1073 κυριολογία
1511 1039 1580 1047 ——
1599 1010 1888 1075 πρόχειρος
1913 1010 2166 1064 ἀπόδοειε
2189 1010 2247 1079 (p
2266 1011 2406 1080 2632)

249 1113 283 1147 a
318 1096 492 1165 prima
526 1113 705 1164 manu,
746 1096 921 1147 cetera
957 1094 1025 1145 ab
1052 1110 1137 1160 ea,
1176 1110 1310 1161 quae
1348 1096 1654 1146 exaraverat
1677 1111 1714 1162 p
1740 1093 1860 1146 332.
1921 1094 2193 1162 pertinent
2228 1099 2405 1148 autem

186 1203 229 1236 ιο
249 1178 382 1234 haec
417 1198 584 1249 usque
619 1179 686 1231 ad
721 1198 757 1248 p
794 1178 898 1232 336
934 1177 1070 1230 med.

387 1291 637 1347 Reliquam
673 1290 878 1348 paginae
918 1294 1002 1335 336
1038 1290 1224 1346 partem
1259 1289 1526 1347 theologica
1562 1289 1763 1346 implent
1802 1303 1924 1344 quae
1962 1290 2211 1335 recentiori
2249 1292 2407 1335 manui

249 1360 495 1407 debentur.

389 1432 603 1488 Denique
624 1432 806 1489 attingo
826 1445 946 1489 quae
965 1432 1013 1476 in
1034 1431 1325 1489 marginibus
1344 1431 1624 1488 paginarum
1646 1436 1784 1476 1—99
1806 1432 1999 1477 exarata
2015 1433 2136 1479 sunt.
2182 1431 2277 1475 sch
2290 1431 2407 1476 olia

246 1502 366 1548 haec
400 1516 501 1548 esse
539 1502 807 1559 Gregorii
839 1499 1190 1547 Nazianzeni
1225 1502 1486 1547 orationem
1519 1502 1569 1546 in
1601 1501 1908 1559 Theophania
1943 1502 2296 1559 diligentissime
2333 1502 2402 1546 in-

183 1584 224 1616 15
246 1573 493 1618 lustrantia
519 1573 744 1628 intellexi,
772 1573 854 1617 ubi
882 1573 1091 1617 codicem
1107 1574 1431 1629 Augustanum
1451 1572 1776 1618 Monacensem
1805 1578 1887 1617 499
1920 1572 2065 1629 (apud
2086 1571 2332 1616 Hardtium
2362 1572 2403 1616 V

247 1657 280 1700 p
298 1646 399 1701 200)
420 1643 634 1702 cognovi.
670 1643 720 1687 in
740 1656 832 1699 quo
853 1643 1088 1688 orationes
1109 1643 1318 1699 theologi
1338 1643 1560 1700 leguntur
1578 1642 1965 1699 interpretatione
1986 1642 2233 1698 marginali
2254 1643 2407 1698 expla-

246 1716 403 1769 natae,
433 1727 556 1769 quae
584 1727 908 1769 nonnusquam
938 1714 1000 1758 ad
1019 1713 1214 1758 verbum
1244 1727 1347 1757 cum
1379 1714 1713 1758 commentario
1739 1712 1911 1756 codicis
1933 1711 2168 1756 Leidensis
2191 1712 2406 1757 concinit.

245 1783 306 1828 de
336 1785 601 1829 orationum
631 1783 913 1828 Nazianzeni
944 1783 1350 1840 explanationibus
1379 1784 1597 1838 vetustis,
1636 1784 1801 1840 utpote
1834 1796 1956 1838 quae
1987 1783 2129 1827 etiam
2158 1783 2408 1840 philologis

243 1853 377 1898 nobis
407 1854 559 1898 bonae
589 1854 736 1912 frugis
767 1854 1028 1899 uberrimae
1058 1854 1165 1908 sint,
1194 1854 1311 1898 alias
1340 1854 1537 1898 fortasse
1560 1854 1878 1911 disputabo.*)
1929 1854 2166 1910 specimen
2186 1853 2406 1910 pusillum

179 1937 223 1970 20
245 1937 406 1969 eorum
444 1924 725 1968 scholiorum
762 1938 884 1980 quae
923 1918 1161 1970 Leidensis
1197 1925 1390 1984 exhibet
1424 1926 1473 1969 in
1510 1924 1674 1969 tabula
1711 1924 2049 1981 photolithogr.
2090 1924 2240 1968 altera
2277 1924 2406 1979 legis.

243 1994 424 2052 scripta
451 1994 670 2040 videntur
699 1995 759 2039 ab
780 1995 995 2039 manibus
1015 1996 1350 2039 recentioribus
1370 1995 1550 2039 duabus
1571 1995 1695 2039 inter
1715 2008 1763 2040 se
1786 1994 2156 2042 succedentibus.
2202 1995 2405 2038 ceterum

242 2065 292 2109 in
319 2079 352 2122 p
375 2070 526 2109 1—13.
561 2068 727 2109 16——19
755 2065 874 2109 haec
902 2065 1324 2123 interpretamenta
1353 2065 1603 2109 maximam
1622 2068 1806 2123 partem
1827 2065 2096 2110 abradendo
2118 2064 2406 2109 abluendove

243 2136 401 2180 aetate
438 2134 582 2180 etiam
619 2134 839 2180 inferiore
877 2134 1035 2180 deleta
1074 2139 1182 2179 sunt
1217 2137 1361 2191 inque
1399 2149 1560 2181 eorum
1596 2137 1753 2180 locum
1791 2136 2025 2180 interdum
2056 2135 2308 2180 substituta
2335 2135 2405 2178 in-

241 2205 494 2251 veniuntur
521 2207 777 2264 praecepta
804 2206 1112 2263 grammatica
1142 2206 1380 2252 vilissima.

181 2401 225 2433 25
387 2375 500 2428 Iam
538 2394 601 2428 ex
637 2375 739 2429 hac
764 2375 1037 2429 Leidensis
1075 2376 1200 2429 libri
1238 2377 1593 2446 descriptione
1630 2377 1862 2446 primum
1899 2377 2112 2446 quidem
2138 2377 2406 2447 conligere

245 2460 398 2527 licet,
453 2478 587 2529 quae
628 2461 756 2513 olim
802 2460 921 2531 legi⁵
957 2461 1231 2529 potuerint
1281 2461 1339 2513 in
1386 2461 1727 2514 Monacensis
1774 2462 2212 2530 quaternionibus
2266 2479 2407 2514 nunc

246 2544 557 2614 deperditiS‚
607 2545 796 2597 deinde
843 2549 975 2614 quot
1021 2548 1323 2615 quantaque
1369 2545 1447 2597 illi
1500 2549 1709 2598 vetusto
1760 2545 2045 2615 exemplari
2090 2546 2409 2599 detrimenta

245 2630 354 2682 iam
390 2647 453 2682 eo
490 2633 732 2699 tempore
769 2629 939 2682 inlata
975 2630 1192 2698 fuerint,
1231 2648 1337 2699 quo
1375 2631 1726 2700 apographon
1750 2629 2008 2683 Leidense
2045 2630 2169 2683 inde
2205 2631 2407 2684 factum

246 2718 340 2769 est.
414 2714 612 2767 etenim
648 2713 1049 2767 Vossianum
1094 2733 1169 2767 ex
1213 2714 1612 2768 Victoriano
1660 2714 2067 2784 descriptum
2112 2714 2221 2786 (vel
2267 2719 2407 2767 certe

183 2824 227 2856 so
247 2799 556 2869 oriundum)
606 2817 719 2852 esse
777 2816 897 2851 cum
951 2798 1068 2850 aliis
1123 2798 1254 2851 locis
1312 2799 1666 2853 demonstrari
1718 2803 1896 2869 potest
1946 2804 2063 2853 tum
2118 2799 2407 2852 clarissime

247 2886 396 2953 patet
451 2884 675 2937 conlatis
723 2882 974 2936 Vossiani
1018 2900 1125 2953 pag
1167 2883 1236 2936 58
1281 2887 1335 2936 et
1383 2883 1684 2937 Victoriani
1727 2885 1805 2937 fol
1847 2885 1966 2950 20v‚
2025 2903 2158 2953 quae
2211 2884 2408 2937 tabulis

245 2967 823 3038 photolithographicis
877 2970 1277 3037 repraesentata
1335 2971 1476 3021 sunt.
1570 2969 1689 3022 vide
1744 2968 1876 3021 mihi
1934 2970 2228 3039 marginem
2283 2969 2407 3021 sini-

246 3056 416 3105 strum
461 3052 580 3106 folii
627 3053 767 3122 quod
814 3053 924 3105 dixi
969 3053 1399 3105 membranarum
1443 3052 1862 3107 Monacensium.
1940 3055 2014 3107 ibi
2057 3053 2408 3107 inveniuntur

245 3135 366 3190 hice
402 3137 614 3190 ductus:

1178 3247 1279 3271 0—0
1317 3223 1470 3320 ’eYel
1515 3305 1529 3322 Ι

1266 3362 1278 3375 .
1302 3364 1313 3376 .
1342 3323 1378 3375 C
1400 3353 1410 3363 ·
1442 3325 1534 3378 ΜΕ

1260 3403 1394 3461 ΛΑ(
1419 3427 1430 3459 :

187 3572 230 3605 35
251 3565 384 3617 quae
431 3547 593 3600 verba
638 3547 829 3600 additis
878 3548 977 3601 ΔΗ
1026 3547 1218 3599 litteris
1264 3547 1556 3616 supplenda
1601 3550 1749 3617 sunt,
1796 3547 2073 3601 referenda
2118 3552 2296 3602 autem
2340 3549 2407 3602 ad

252 3650 316 3685 ea
351 3650 486 3702 quae
523 3632 690 3685 altera
728 3632 974 3685 columna
1010 3632 1068 3684 in
1106 3631 1301 3686 eisdem
1340 3632 1495 3685 lineis
1531 3632 1716 3686 habet-2
1754 3635 1884 3688 Ἀπὸ
1924 3636 1983 3687 δὲ
2022 3635 2274 3701 εώματοε.
2330 3634 2406 3687 ὡς

394 3859 436 3914 *)
477 3870 628 3913 nuper
667 3857 1023 3913 diligentissime
1061 3859 1120 3903 de
1157 3857 1230 3901 his
1274 3856 1460 3901 scholiis
1504 3856 1720 3903 disseruit
1767 3859 2008 3914 ediditque
2054 3857 2405 3914 explanationes

253 3927 405 3973 adhuc
446 3927 706 3984 incognitas
755 3941 814 3972 ex
856 3927 1167 3973 Laurentiano
1214 3928 1333 3984 plut.
1371 3928 1459 3973 VII
1496 3933 1522 3973 8
1566 3929 2007 3974 EPiccolomini
2038 3929 2086 3971 in
2128 3928 2217 3972 hoc
2259 3928 2404 3972 libro:

254 3998 456 4044 Estratti
502 3999 674 4043 inediti
725 3998 809 4043 dai
851 3999 999 4044 codici
1047 3999 1190 4056 yreci,
1235 4000 1353 4044 Pisa
1390 4003 1503 4045 1879
1555 4000 1706 4057 (dayli
1747 4000 1930 4044 Awnali
1974 3999 2089 4043 delle
2143 3998 2406 4043 Universitd

190 4076 232 4107 40
254 4069 454 4114 Tooeane
481 4074 583 4118 tom.
613 4068 774 4123 XVI).
