2808 4394
345 270 415 322 96
673 237 679 239 ’
989 270 1014 320 g
1044 271 1099 311 20
1129 267 1261 322 (2512)
1321 267 1409 310 EX
1438 267 1588 312 REO.
1619 267 1885 313 PRIORE

345 403 455 450 τῶν
482 395 809 449 ἀποδείξεων
837 395 896 448 εὖ
924 395 1226 449 διάκεινται.
1300 397 1391 449 εἰςὶ
1429 398 1490 449 δὲ
1515 396 1653 450 οἶδε·
1697 396 1730 449 ἄ
1746 413 1820 462 ρα
1858 397 1933 450 ἀλ
1946 397 2022 450 λά
2060 398 2093 451 ἀ
2108 401 2137 451 λ
2152 400 2181 451 λ
2196 416 2230 452 α
2241 416 2276 465 μ
2289 400 2366 464 ήν
2402 401 2511 455 τοί-
2535 422 2560 453 1>
2573 411 2639 446 ⁶4³
2661 415 2686 448 ιι

346 481 846 545 νυντοιγάρτοι
882 485 1260 546 τοιγαροῦν.
2135 507 2142 509 -
2542 499 2584 530 10

488 565 590 634 <8>
651 566 1210 633 Παραπληρωματικοὶ
1308 569 1368 622 δέ
1465 568 1590 622 εἰςιν
1689 566 1806 620 ὅςοι
1902 568 2096 634 μέτρου
2192 570 2225 633 ἢ
2321 569 2518 636 κόςμου

351 736 725 791 [DISCREPANTIA
757 750 1033 781 scmr'rvRAE
1067 753 1116 780 IN
1149 736 1627 794 MLGBTVHAfb]
1701 725 1703 727 ¹
1760 735 1787 779 1
1826 736 1926 792 εἰεί]
1969 737 2010 781 εἰ
2041 735 2081 780 Gr
2121 736 2174 793 (L
2206 738 2247 782 εἰ
2286 737 2433 782 habet
2469 737 2517 780 in

347 806 440 850 fine
471 805 713 859 versiculi,
754 807 794 850 ςὶ
823 806 872 848 in
904 806 1233 863 subsequentis
1264 807 1420 860 initio)
1471 808 1487 863 ΙΙ
1623 806 1738 851 1-2
1777 807 1896 851 ἀλλά
1927 808 2144 862 ἀλλαμήν
2173 808 2354 864 τοίνυν]
2399 809 2519 852 ἀλλὰ

347 880 452 931 μὴν.
511 877 632 921 ἀλλὰ
661 876 838 920 τοίνυν.
899 880 991 932 μὴν
1023 877 1060 920 Τ
1117 879 1123 931 Ι
1291 879 1505 933 ἀλλαμήν
1551 877 1642 921 ML
1655 877 1951 931 GBVHAf,
1996 878 2117 922 ἀλλὰ
2163 881 2255 933 μὴν
2302 878 2381 921 Tb
2507 877 2515 935 Ι

345 949 509 992 τοίνυν
539 961 616 991 om
651 946 744 991 VH
755 947 827 990 Af
871 950 887 1004 ΙΙ
1023 949 1053 993 2
1082 950 1334 1004 τοιγὰροῦν
1364 948 1435 1002 L1,
1468 962 1663 1005 gravem
1693 949 1880 992 induxit
1910 949 1963 992 L2

349 1089 748 1145 [DISCREPANTIAE
777 1103 836 1132 ΕΤ
867 1105 1153 1134 ΤΕεΤιΜοΝῙΑ
1178 1092 1574 1146 scn0L10R.(26)
1604 1105 1911 1134 EBOTEMATVM
1929 1091 2015 1145 (E)
2032 1105 2237 1134 ALIORVM
2266 1090 2517 1145 semerom]

346 1161 485 1216 quin
514 1160 781 1216 alioquin
810 1160 972 1204 immo
1000 1161 1201 1217 utique
1231 1162 1411 1218 atqui.
1465 1162 1548 1205 hae
1579 1162 1698 1205 enim
1722 1175 1809 1217 per
1839 1161 2095 1205 illationem
2126 1161 2348 1218 colliyunt
2377 1173 2522 1217 supra

348 1231 547 1285 dictum,
583 1232 665 1275 hoe
696 1235 758 1274 est
797 1231 981 1275 ratione
1010 1233 1307 1287 confisrmant,
1350 1236 1474 1287 1015:
1509 1231 1733 1276 dicuntur
1762 1236 1916 1276 tamen
1947 1232 2126 1276 eaedem
2156 1232 2370 1277 illativae
2399 1233 2447 1288 (i.
2479 1245 2519 1278 e.

348 1302 647 1356 ἐπιφορικοί),
682 1303 804 1357 quod
828 1303 1110 1358 praepositis
1140 1303 1251 1347 aliis
1280 1302 1555 1356 inferuntur
1609 1304 1615 1358 Ι
1845 1304 1967 1358 πρὸς
2005 1304 2091 1347 τὰς
2122 1303 2350 1359 ἐπιφοράς
2382 1329 2437 1337 -·
2468 1305 2521 1348 εὖ

346 1372 618 1429 διάκεινται]
664 1372 900 1416 testantur
944 1374 1011 1417 Σ1
1061 1373 1171 1416 ante
1226 1378 1326 1427 9701
1358 1384 1393 1418 o·
1424 1376 1472 1417 E
1513 1372 1858 1420 Pseudochoer
1892 1379 1977 1429 20³·
2035 1386 2123 1417 neo
2161 1373 2290 1417 aliud
2328 1375 2523 1432 legebat

347 1447 397 1487 Σ
424 1448 544 1497 96929
575 1442 722 1498 (Hel),
763 1443 844 1499 qui
881 1444 945 1487 sic
984 1443 1230 1499 explanat:
1279 1445 1377 1489 ὅςοι
1418 1444 1538 1498 πρὸς
1576 1445 1661 1487 τὰς
1701 1445 1953 1498 ἐπαγωγὰς
1991 1446 2068 1488 καὶ
2107 1446 2383 1499 ςυναγωγὰς
2419 1449 2521 1489 τῶν

348 1513 639 1558 ἀποδείξεων
671 1514 722 1557 εῦ
750 1515 1020 1560 διάκεινται.
1082 1515 1140 1558 de
1171 1516 1405 1570 ἐπιφορᾶς
1439 1516 1488 1557 et
1519 1515 1801 1569 ςυλλήψεως
1828 1513 2095 1558 nominibus
2125 1529 2169 1562 v.
2198 1513 2296 1559 ind.
2509 1519 2521 1573 μ

348 1584 430 1627 1-
436 1584 466 1628 2
489 1585 652 1639 ἄρα-
669 1587 940 1643 τοιγαροῦν]
965 1586 1130 1629 eadem
1154 1585 1371 1641 exempla
1386 1585 1453 1629 Σ1
1475 1586 1584 1628 ante
1603 1590 1702 1639 9701
1723 1588 1810 1644 σΕ
1828 1584 2525 1641 Pseudoehoer.204.dMam'1v

346 1659 599 1711 τοιγαροῦν
629 1656 831 1699 testatur
863 1657 1008 1701 etiam
1038 1661 1089 1701 Σ
1107 1660 1226 1712 96931
1250 1655 1392 1711 (Hel),
1425 1657 1641 1710 ἀλλαμήν
1663 1656 1752 1711 ἄρα
1781 1660 2034 1712 τοιγαροῦν
2063 1654 2228 1702 τοίνυν
2258 1661 2309 1702 Σ
2335 1662 2466 1713 9701
2470 1685 2520 1713 18,

345 1727 428 1771 sed
458 1740 543 1783 pro
574 1727 814 1782 τοιγάρτοι
845 1727 967 1771 alter
997 1726 1252 1770 scholiasta
1280 1727 1451 1783 legisse
1484 1726 1670 1771 videtur
1706 1727 1884 1783 τοιγάρ.
1945 1727 2223 1783 Apollonius
2254 1732 2437 1785 51921-21
2467 1728 2520 1776 Β.

345 1802 627 1853 25129--2528
668 1796 804 1841 Schn.
844 1798 1007 1842 τοίνυν
1046 1799 1284 1853 τοιγάρτοι
1323 1801 1578 1852 τοιγαροῦν
1616 1797 1705 1851 ἄρα
1743 1797 1943 1853 profert;
1987 1803 2106 1854 52619
2135 1797 2188 1841 Β.
2219 1802 2332 1854 25811
2367 1797 2520 1852 Schn„

346 1869 427 1913 ubi
458 1869 516 1912 de
558 1870 737 1912 οὐκοῦν
769 1869 817 1912 et
854 1869 1030 1913 οὔκουν
1069 1868 1302 1925 disputat,
1345 1868 1431 1911 οὖν
1463 1881 1651 1923 quoque
1684 1870 2045 1921 ςυλλογιςτικοῑς
2086 1868 2333 1913 adscribit:
2373 1871 2522 1915 διςςὸς

347 1940 432 1984 οὖν
464 1941 586 1984 ἑςτιν
617 1941 644 1983 ὁ
676 1940 777 1995 οὖν,
811 1940 1171 1995 περιςπώμενος
1211 1940 1296 1994 μὲν
1336 1940 1387 1983 ὲν
1428 1940 1746 1996 ςυλλογιςτικῇ
1787 1939 1988 1996 ἐκφορᾷ,
2030 1940 2312 1995 ὀξυνόμενος
2350 1941 2400 1984 δὲ
2439 1941 2522 1985 ὅτε

346 2012 442 2055 ἑςτὶ
482 2013 993 2066 παραπληρωματικός.
1053 2004 1130 2055 καὶ
1169 2013 1315 2066 δῆλον
1353 2011 1425 2054 ὅτι
1472 2011 1547 2054 καὶ
1592 2013 1694 2053 τῶν
1740 2010 2046 2064 ἐγκλιτικῶν,
2082 2011 2162 2055 ἵνα
2199 2012 2275 2055 καὶ
2315 2011 2342 2054 ὁ
2380 2011 2522 2056 τόνος

345 2086 432 2137 τῆς
477 2083 778 2136 ἀποφάςεως.
838 2080 954 2125 item
999 2081 1295 2125 Herodianus
1340 2079 1468 2136 apud
1512 2079 1578 2127 Io.
1623 2079 1753 2126 Alex,
1794 2086 1908 2137 4030:
1954 2082 2110 2125 οὕτως
2148 2082 2198 2125 δὲ
2242 2083 2317 2125 καὶ
2363 2083 2390 2126 ὁ
2435 2082 2522 2126 οὖν

347 2153 723 2206 ςυνταττόμενος
761 2157 821 2208 τῇ
863 2154 918 2196 οὔ
952 2153 1184 2208 ἀποφάςει
1222 2153 1272 2196 ἐν
1302 2157 1372 2209 τῷ
1405 2166 1602 2206 ουκουν,
1643 2153 1726 2195 ὅτε
1758 2154 1842 2207 μὲν
1873 2154 2198 2208 παραπληροῑ,
2239 2153 2394 2198 ὀξύνει
2431 2155 2522 2208 τὴν

346 2224 403 2267 οὔ
435 2223 675 2278 ἀπόφαςιν
707 2224 845 2279 (quae
877 2222 1014 2279 gravi
1045 2225 1242 2267 accentu
1272 2223 1622 2278 pronuntiatur,
1654 2221 1738 2266 ubi
1767 2235 1860 2266 vox
1890 2235 1982 2270 non
2013 2221 2231 2267 enclitica
2259 2222 2520 2279 subicitur),

347 2295 523 2339 οὔκουν
563 2295 629 2339 ὡς
668 2294 861 2349 εὔρουν·
901 2295 982 2338 ὅτε
1013 2295 1063 2338 δὲ
1100 2297 1191 2349 τὴν
1230 2293 1351 2338 ἰδίαν
1388 2295 1482 2349 ἔχει
1511 2295 1732 2349 δύναμιν,
1776 2293 1987 2338 τουτέςτι
2026 2295 2372 2347 ςυλλογιςτικός
2410 2295 2521 2348 ἑςτι,

348 2366 569 2419 φυλάςςει
610 2366 701 2419 τὴν
741 2364 862 2409 ἰδίαν
907 2366 1292 2420 περιςπωμένην,
1335 2365 1400 2409 ὡς
1431 2369 1654 2420 χρυςοῦν,
1698 2365 1854 2408 οὕτως
1884 2366 1960 2410 καὶ
1991 2365 2168 2408 οὐκοῦν
2511 2365 2518 2423 1

349 2437 566 2490 ἀλλαμήν
605 2448 749 2478 unam
788 2449 952 2479 vocem
992 2449 1091 2479 esse
1123 2435 1262 2480 docet
1291 2440 1340 2479 Σ
1367 2439 1491 2490 9701ο
1519 2434 1683 2490 (Mel):
1724 2435 1882 2479 ἰςτέον
1914 2437 1987 2479 ὅτι
2019 2437 2046 2480 ὁ
2085 2436 2319 2491 ἀλλαμήν,
2350 2436 2403 2481 ἐκ
2433 2441 2520 2482 τοῦ

347 2508 468 2551 ἀλλά
513 2509 589 2550 καὶ
627 2507 721 2561 μήν
766 2509 1266 2562 παραπληρωματικοῡ
1313 2506 1594 2559 γενόμενος,
1637 2507 1862 2550 ςύνθετὸς
1903 2507 2010 2552 έςτι.
2069 2505 2186 2550 item
2230 2506 2395 2551 τοίνυν
2435 2520 2521 2564 pro

349 2578 606 2634 composito
638 2577 813 2620 habere
843 2577 1054 2630 videtur,
1095 2577 1174 2639 sed
1209 2577 1373 2631 τοιγάρ
1407 2577 1455 2619 et
1483 2581 1738 2631 τοιγαροῦν
1776 2590 1861 2633 pro
1895 2577 2091 2621 vocibus
2123 2577 2362 2634 parathesi
2392 2577 2521 2622 ortis.

348 2648 626 2704 Apollonius
648 2652 764 2703 51921
787 2647 838 2690 Β.
871 2652 991 2702 25129
1014 2647 1174 2691 Schn:
1205 2648 1294 2691 τὸν
1314 2646 1478 2691 τοίνυν
1501 2648 1553 2691 ἐκ
1574 2648 1658 2691 δύο
1690 2651 2205 2703 παραπληρωματικῶν
2238 2652 2520 2705 ςυνεςτῶτα,

350 2718 473 2774 quod
514 2718 712 2762 verbum
751 2717 1026 2774 ambiguum
1065 2718 1137 2761 est
1174 2717 1263 2772 (cfr
1292 2718 1414 2772 synt.
1447 2719 1602 2773 31927).
1661 2717 1957 2762 Herodianus
1997 2717 2123 2774 apud
2162 2717 2228 2762 Ιο.
2260 2718 2395 2764 Alex.
2428 2723 2522 2776 4⁰20

349 2789 539 2833 dubitat
568 2788 625 2833 de
658 2789 895 2843 ἀλλαμήνε
930 2790 998 2833 ἔτι
1029 2790 1080 2832 δὲ
1110 2790 1187 2833 καὶ
1219 2790 1245 2833 ὁ
1277 2789 1509 2844 ἀλλαμήν,
1543 2788 1639 2833 εἴτε
1670 2789 1756 2832 δύο
1795 2783 1944 2835 λέξεις
1977 2789 2076 2832 εἶεν
2107 2788 2202 2832 εἴτε
2234 2789 2329 2844 μία,
2363 2790 2520 2836 ὀξύνε-

348 2874 424 2904 ται
474 2861 489 2917 ΙΙ
852 2860 883 2904 3
923 2859 1432 2917 παραπληρωματικοί]
1474 2858 1533 2902 de
1565 2859 1734 2903 ceteris
1765 2873 1885 2915 quae
1916 2859 2223 2903 inveniuntur
2251 2860 2521 2905 nominibus

348 2930 485 2974 huius
523 2931 703 2975 elassis:
753 2930 1221 2988 [παραπληρωτικός]
1262 2931 1721 2986 ἀναπληρωματικός
1755 2931 2189 2988 [ἀναπληρωτικός]
2239 2935 2517 2987 ςυμπληρω-

351 3003 543 3058 ματικός
576 3002 1003 3058 [ςυμπληρωτικὸς]
1040 3003 1688 3059 [ςυμπαραπληρωματικός],
1720 3002 1835 3046 item
1857 3001 1915 3046 de
1935 3001 2094 3046 latinis
2125 3001 2522 3057 appellationibus

351 3074 707 3129 expletivarum,
756 3072 1085 3127 repletivarum
1099 3107 1109 3127 ‚
1160 3073 1535 3128 completivarum
1586 3073 1968 3117 coniunctionum
2017 3072 2126 3116 vide
2175 3071 2381 3117 indicem
2430 3073 2519 3117 sub

351 3144 847 3200 παραπληρωματικός
878 3143 893 3199 ΙΙ
1020 3144 1109 3188 3-
1132 3133 1253 3199 9741
1284 3145 1380 3188 ὅςοι
1412 3144 1584 3199 μέτρου
1609 3146 1643 3198 ,ἢ
1675 3145 1849 3199 κόςμου
1882 3145 2044 3188 ἕνεκεν
2075 3136 2520 3199 παραλαμβάνονται

351 3216 584 3259 testantur
622 3214 688 3259 Σι
725 3214 833 3257 ante
873 3218 993 3268 97121
1025 3225 1061 3260 o·
1091 3218 1159 3269 Ε,
1198 3215 1339 3271 atque
1388 3214 1531 3258 etiam
1570 3218 1620 3258 Σ
1653 3219 1772 3270 97019
1805 3213 1964 3270 (Mel):
2010 3214 2055 3259 οἱ
2095 3214 2266 3270 μέτρον
2310 3215 2521 3271 ἀναπλη·

351 3289 547 3340 ροῦντες
597 3287 625 3340 ἢ
672 3286 848 3338 κόςμον
892 3286 1183 3340 παρέχοντες
1226 3291 1327 3330 τοῖς
1373 3286 1545 3339 λόγοις.
1603 3284 1880 3339 Priscianus,
1912 3284 1982 3328 III
2029 3288 2176 3340 10212:
2227 3285 2521 3341 completivae

351 3360 461 3400 sunt
496 3367 621 3400 vero
659 3358 843 3399 autem
882 3355 1106 3410 quidem
1143 3357 1397 3413 equidem
1443 3367 1653 3412 quoque
1699 3355 1842 3399 enim
1880 3368 2005 3399 nam
2047 3367 2307 3410 namque,
2347 3358 2389 3400 et
2425 3355 2522 3410 fere

353 3439 649 3483 quaecunque
691 3426 1033 3471 coniunctiones
1068 3431 1262 3472 ornatus
1299 3439 1440 3471 eausa
1478 3426 1548 3470 vel
1591 3426 1726 3470 metri
1761 3425 1897 3470 nulla
1941 3425 2296 3482 siqnifieationie
2331 3427 2521 3472 necessi-

352 3503 446 3543 tate
476 3501 737 3553 ponuntur,
767 3497 848 3541 hoe
876 3498 1063 3543 nomine
1091 3501 1444 3553 nuwcupantur.
1482 3497 1586 3540 ,ubi
1615 3501 1811 3540 ornatus
1848 3508 1987 3540 eausa
2018 3496 2086 3540 vel
2116 3496 2252 3540 metri
2280 3497 2427 3542 verba
2459 3497 2519 3542 ab

354 3569 578 3625 Dionysio
619 3567 818 3612 oriunda
857 3581 956 3612 esse
994 3582 1132 3613 nemo
1171 3567 1385 3626 negabit3
1426 3567 1508 3611 sed
1539 3566 1676 3611 valde
1717 3565 1906 3618 dubito,
1939 3580 2050 3610 num
2079 3566 2198 3611 haec
2229 3567 2287 3612 de
2319 3568 2519 3625 expleti·

354 3654 520 3684 varum
558 3654 643 3683 usu
689 3639 926 3684 sententia
965 3653 1021 3683 ex
1064 3640 1234 3685 techne
1278 3639 1328 3682 in
1372 3637 1598 3682 Prisciani
1639 3636 1960 3681 institutiones
2005 3637 2284 3694 migraverit
2326 3651 2383 3682 ea
2425 3639 2518 3694 via,

356 3725 498 3767 quam
543 3708 683 3753 Elink
723 3709 862 3755 Sterk
913 3710 1211 3767 excogitavit.
1271 3709 1310 3753 is
1355 3709 1480 3754 enim
1523 3708 1572 3751 in
1617 3706 1813 3764 symbol.
1853 3707 2027 3756 literar.
2067 3708 2231 3753 Batav.
2263 3704 2352 3752 VII
2394 3723 2426 3765 p
2465 3713 2520 3753 52

357 3853 623 3910 [ΒΕοΤτοΝεε
654 3854 863 3907 ARMENH]
952 3851 978 3894 1
1017 3856 1117 3895 τῶν
1147 3850 1460 3908 ἀποδείξεων]
1493 3848 1718 3907 singulari
1749 3850 1897 3893 utitur
1928 3850 1976 3894 et
2007 3849 2107 3894 eius
2136 3849 2360 3904 nominis,
2393 3849 2520 3905 quod

356 3938 497 3981 supra
526 3937 556 3980 p
579 3929 646 3979 93,
670 3929 691 3967 1
725 3921 970 3979 usurpavit
990 3921 1050 3964 ad
1071 3921 1435 3966 convertendum
1467 3921 1737 3965 ἀποδόςεως
1768 3920 2048 3964 vocabulum
2071 3921 2087 3977 ΙΙ
2165 3914 2279 3964 1-'2
2302 3918 2521 3977 exempla

356 3996 539 4050 septem
571 3995 816 4039 enumerat
863 3993 880 4049 ΙΙ
1043 3993 1131 4037 3—
1154 3993 1275 4046 97,1
1307 3993 1795 4048 παραπληρωματικοί
1827 4014 1882 4023 -
1911 3991 2376 4047 παραλαμβάνονται]
2412 4002 2520 4034 con-

357 4066 499 4108 sentit
528 4065 777 4108 Armenius
