2814 4400
364 268 646 313 LXXXVIII
1037 266 1330 312 ADDENDA
1360 267 1438 310 ET
1470 265 1867 312 CORRIGENDA

508 397 574 450 ad
613 397 707 464 33,
736 397 769 449 2
810 394 1064 466 [DISOR.
1085 395 1242 449 SCRI
1255 395 1380 465 PT]
1422 396 1485 448 de
1524 395 1733 448 ratione
1772 395 1911 446 inter
1938 393 1994 445 M
2022 396 2075 445 et
2100 393 2144 446 L
2171 394 2532 446 intercedente

368 483 545 553 agitur
581 482 930 551 praefationis
970 501 1005 550 p
1043 480 1468 534 XXIX—XXX.
2080 488 2083 491 ’

509 625 571 676 ad
599 624 694 691 33,
721 624 757 675 6
783 621 1006 691 [LEOT.
1030 623 1369 691 ARMENIJ]
1415 623 1540 676 Non
1559 641 1622 674 ex
1644 623 1774 674 artis
1797 620 2102 690 exemplari,
2130 620 2216 673 sed
2241 639 2303 673 ex
2330 621 2534 674 scholio

368 728 512 763 nunc
561 727 751 762 censeo
800 710 1150 778 repetendum
1201 727 1340 773 esse,
1390 708 1531 777 quod
1580 708 1866 760 Armenius
1916 706 2137 758 diversis
2185 706 2536 758 substantivis

370 797 537 847 utitur
584 795 640 845 in
688 794 1001 846 definiendis
1052 795 1266 862 proprio
1318 800 1370 845 et
1418 793 1758 861 appellativo.
1823 795 1938 844 erat
1985 795 2164 843 autem
2213 791 2532 844 scholiastae
2576 809 2596 840 5

367 882 923 948 interpretamentum,
963 880 1108 948 quod
1147 881 1237 930 ille
1278 897 1371 946 pro
1398 877 1732 947 Dionysiano
1765 878 1984 929 nomine
2024 877 2203 929 οὐςίας
2241 877 2296 927 iu
2323 877 2538 945 proprio

368 965 713 1018 describendo
778 965 1083 1030 transtulit,
1147 964 1427 1018 ὑπόςταςις
1491 967 1586 1015 aut
1642 963 1878 1029 ὕπαρξις.
1973 961 2054 1014 cfr
2111 961 2355 1014 scholion
2413 961 2538 1014 libri

369 1051 703 1103 Matritensis
750 1052 815 1102 81
866 1050 943 1102 fol
997 1050 1121 1102 147:
1174 1052 1294 1115 μιᾶς
1343 1049 1621 1114 ὑπάρξεως
1677 1050 1761 1101 καὶ
1810 1049 1990 1101 οὐςίας
2042 1049 2264 1113 κυριεύει
2315 1038 2538 1114 (εοίΓτό
2599 1087 2604 1092 -

368 1138 578 1203 κύριον)
616 1139 698 1189 καὶ
746 1138 914 1200 αὐτὴν
954 1137 1123 1203 μόνην
1162 1138 1332 1199 δηλοῖ.
1408 1135 1439 1198 ἢ
1479 1134 1560 1188 ὅτι
1598 1135 1791 1199 κυρίως
1840 1135 1922 1185 καὶ
1963 1135 2181 1200 βεβαίως
2219 1134 2315 1197 τὴν
2356 1133 2539 1186 οὐςίαν

347 1225 463 1276 ’καὶ
491 1224 588 1288 τὴν
626 1222 850 1286 ὕπαρξιν
889 1221 1094 1284 ἐκείνην
1134 1221 1270 1274 ἰδίαν
1311 1221 1630 1287 ἐποιήςατο,
1679 1221 1744 1284 ἣν
1785 1221 1955 1285 μόνην
1995 1222 2152 1282 δηλοῖ
2194 1259 2538 1273 .........
2564 1234 2605 1266 10

371 1309 573 1374 τεχθείς
611 1325 688 1360 τις
726 1310 948 1372 πρῶτον
987 1307 1083 1370 τὴν
1122 1307 1308 1370 κοινὴν
1349 1306 1534 1359 οὐςίαν
1573 1305 1657 1357 καὶ
1695 1305 1917 1368 ὕπαρξιν
1957 1304 2081 1372 ἔχει,
2123 1303 2228 1356 εἶθ’
2266 1303 2439 1357 οὕτως
2477 1304 2540 1357 τὸ

372 1392 564 1458 ὄνομα.
630 1389 667 1445 8
696 1392 750 1443 in
780 1390 1082 1442 definiendo
1122 1390 1341 1458 proprio
1379 1392 1604 1458 usurpat
1628 1389 1769 1441 idem
1808 1407 2003 1441 nomen
2045 1391 2133 1455 (=
2162 1390 2369 1452 οὐςίαν)
2402 1388 2539 1457 quod

372 1479 427 1529 in
465 1471 811 1529 describendo
849 1475 1184 1544 appellativo

514 1619 578 1671 ad
616 1618 711 1686 33,
737 1617 876 1677 6-7
917 1618 1157 1683 Ὅμηρος
1195 1618 1503 1686 Σωκράτης]
1545 1613 1583 1670 8
1624 1616 1878 1683 Iosephus
1914 1576 2209 1670 Beniamin
2247 1615 2487 1669 Iacobus.

514 1763 580 1815 ad
619 1761 714 1829 34,
745 1761 905 1814 1—2.
971 1757 1009 1814 S
1050 1761 1107 1812 in
1147 1760 1460 1812 definitione
1487 1759 1647 1828 plane
1687 1751 1980 1827 consentit3
2022 1759 2264 1828 exempla
2300 1762 2357 1810 in
2386 1761 2434 1810 A
2459 1775 2540 1810 co·
2566 1774 2607 1807 15

371 1848 488 1900 dice
526 1851 654 1900 sunt
690 1847 840 1899 homo
877 1863 1038 1914 equus
1074 1846 1162 1899 bos
1201 1845 1287 1914 (ad
1325 1845 1545 1898 tertium
1585 1844 1664 1896 cfr
1703 1862 1864 1913 supra
1906 1844 2041 1896 Add.
2084 1844 2150 1895 ad
2187 1843 2272 1908 24,
2299 1844 2374 1911 5),
2413 1843 2470 1895 in
2499 1842 2543 1895 B

373 1950 533 2001 equus
568 1934 734 1986 homo.

516 2075 580 2127 ad
619 2075 714 2142 34,
743 2075 906 2128 3-4.
963 2093 1031 2126 ne
1070 2071 1109 2129 S
1149 2074 1363 2143 quidem
1402 2074 1460 2125 in
1498 2073 1722 2142 epitheti
1750 2072 2058 2125 definitione
2085 2073 2384 2143 ᾧμωνύμως
2421 2090 2544 2125 con-

373 2162 559 2227 vertit3
598 2179 697 2230 pro
735 2161 932 2226 κυρίων
972 2164 1025 2212 et
1062 2165 1468 2226 προςηγορικῶν
1507 2159 1670 2211 habet
1706 2159 2013 2228 singularia.
2074 2158 2190 2210 vide
2216 2158 2278 2210 Z.
2311 2157 2544 2211 Wieder-

374 2248 685 2314 herstelluuy
725 2265 755 2315 p
793 2246 879 2298 67.
2567 2257 2610 2290 πο

517 2389 583 2441 ad
622 2389 717 2456 34,
744 2387 909 2440 4-5
950 2389 1536 2457 haussdverou-—cxtod
1577 2384 1616 2441 S
1655 2389 1738 2439 ter
1776 2387 1939 2439 adicit
1976 2386 2411 2438 coniunctionem
2438 2385 2544 2438 dis-

293 2534 298 2538 ,
372 2475 688 2538 iunctimm,
730 2477 850 2542 post
886 2491 1201 2525 conversum
1239 2480 1457 2539 τριχῶς,
1497 2477 1618 2541 post
1655 2477 1859 2541 ψυχῆς,
1898 2475 2018 2540 post
2057 2473 2313 2537 ςώματος.

516 2617 581 2670 ad
621 2616 715 2684 34,
743 2617 854 2670 5-
872 2614 968 2685 35,
996 2614 1030 2667 2
1079 2617 1189 2670 ἀπὸ
1237 2616 1615 2684 μὲν-πένης]
1677 2611 1715 2668 S
1756 2615 1938 2667 eadem
1987 2614 2348 2683 exemplorum
2397 2616 2546 2683 paria

374 2703 535 2755 habet
581 2703 755 2771 primo
804 2706 859 2754 et
906 2702 1065 2754 tertio
1115 2701 1258 2768 loco;
1306 2701 1539 2753 secundo
1590 2700 1746 2769 ponit
1794 2699 2032 2769 epitheta
2078 2718 2213 2768 quae
2259 2700 2443 2767 yravis
2490 2702 2545 2752 et

374 2790 497 2842 levis
533 2787 845 2840 nominibus
882 2787 1223 2856 respondent.
2566 2798 2609 2832 25

517 2931 582 2983 ad
620 2930 712 2991 35,
741 2930 794 2985 3.
872 2927 910 2984 S
960 2932 1086 2999 post
1132 2947 1446 2981 conversum
1496 2930 1669 2994 πατήρ
1718 2928 1865 2980 addit
1911 2929 1984 2980 ad
2027 2928 2226 2996 filium,
2273 2930 2394 2996 post
2431 2926 2546 2980 υἱός

375 3018 447 3069 ad
475 3020 710 3083 patrem,
751 3020 876 3085 post
912 3016 1074 3083 φίλος
1114 3016 1186 3067 ud
1221 3016 1476 3082 amioum,
1520 3018 1640 3083 post
1677 3015 1849 3069 δεξιός
1888 3015 1960 3066 ad
1993 3015 2282 3066 siuistrum.

517 3172 583 3223 ad
622 3172 717 3238 35,
745 3172 800 3225 4.
877 3169 915 3227 S
956 3189 1043 3223 om
1083 3172 1314 3225 θάνατος
1351 3172 1491 3240 Ζωή,
1532 3171 1807 3240 ceteroqui
1847 3169 2129 3223 consentit.

522 3328 586 3378 ad
627 3329 720 3395 36,
753 3328 804 3381 l.
881 3328 1056 3394 ὄνομα
1102 3346 1212 3380 11011
1264 3331 1345 3380 est
1390 3345 1706 3380 conversum
1747 3327 1804 3378 in
1845 3330 1890 3378 A
1931 3325 2107 3378 codice
2143 3325 2406 3377 versionis
2444 3342 2543 3394 sy-

378 3414 619 3478 riacae,
673 3413 762 3464 sed
810 3413 867 3464 in
909 3413 948 3464 Β
988 3413 1262 3466 invenitur
1307 3431 1407 3465 vox
1458 3430 1564 3481 qua
1612 3412 1787 3476 ὄνομα
1825 3411 2103 3464 transferri
2145 3410 2281 3462 solet
2318 3411 2389 3479 (v.
2430 3409 2610 3463 Zurao

388 3497 911 3565 Wiederherstelluuy
948 3517 982 3566 p
1021 3499 1132 3563 68).
1208 3498 1450 3567 exempla
1489 3515 1623 3566 quae
1673 3497 1728 3548 in
1769 3500 1993 3565 utroque
2033 3496 2210 3548 codice
2249 3498 2547 3564 sequuntur

376 3583 540 3635 haece
567 3589 717 3635 sunt:
757 3584 892 3635 velut
918 3582 1171 3651 Iosephus
1194 3585 1339 3652 fillius
1366 3582 1550 3636 Iacobi
1578 3587 1624 3635 et
1650 3582 1902 3650 Iosephus
1925 3582 2069 3650 filius
2093 3580 2190 3633 Ali
2222 3584 2268 3633 et
2293 3579 2546 3648 Iosephus

378 3669 771 3723 Ramatheusis.
847 3668 903 3719 in
953 3669 999 3720 A
1046 3669 1159 3720 solo
1207 3669 1396 3720 deinde
1445 3667 1805 3719 subiciuntur:
1862 3667 2197 3733 homonymia
2253 3669 2425 3718 autem
2473 3668 2547 3718 est

377 3755 512 3806 velut
558 3754 708 3807 cauis
753 3753 916 3806 maris
961 3756 1008 3805 et
1051 3756 1198 3806 cauis
1237 3755 1382 3806 aridi
1419 3757 1464 3806 et
1499 3756 1650 3806 cauis
1687 3753 1834 3805 caeli.
1912 3751 2031 3805 οἷον
2071 3753 2156 3804 ἐπὶ
2194 3753 2288 3816 μὲν
2328 3750 2541 3816 κυρίων,

379 3841 465 3892 ἐπὶ
503 3842 562 3893 δὲ
599 3842 1003 3904 προςηγορικῶν
1043 3856 1141 3889 nec
1182 3839 1238 3890 in
1279 3841 1324 3890 A
1365 3855 1463 3890 nec
1502 3838 1558 3889 in
1598 3835 1641 3888 B
1680 3836 1885 3888 reddita
1924 3837 2287 3892 inveniuntur.
2564 3846 2607 3879 ³⁶

524 3982 596 4032 ad·
628 3980 722 4047 36,
751 3979 916 4032 5—6.
993 3975 1031 4031 8
1072 3979 1126 4030 in
1170 3981 1213 4030 A
1254 3980 1457 4031 codice:
1508 3980 1791 4044 ςυνώνυμα
1831 3978 2216 4045 (animadverte
2259 3976 2543 4045 pluralem)

382 4067 441 4118 δέ
481 4067 581 4118 ἑςτι
608 4068 673 4119 τὰ
701 4068 758 4118 ἑν
787 4066 1007 4130 ὀνόμαςι
1044 4065 1250 4131 quidem
1285 4066 1567 4132 διαφόροις
1593 4065 1808 4116 eandem
1836 4064 2234 4131 appellationem
2259 4065 2543 4130 δηλοῦντα,
