2814 4400
435 294 664 337 LXXXIV
1100 293 1398 337 ADDENDA
1429 294 1508 338 ΕΤ
1540 294 1935 340 CORRIGENDA

437 425 777 492 Apollonium
817 421 930 488 (scil
954 440 1143 475 nomen
1167 423 1263 495 est)
1290 440 1426 491 pars
1452 425 1706 478 orationis
1733 443 1865 492 quae
1889 426 2224 493 sinqularum
2249 429 2602 496 corporalium

436 527 613 562 rerum
650 509 728 560 vel
763 509 1171 575 incorporalium
1206 509 1309 561 sibi
1343 509 1694 562 subiectarum
1719 510 2027 576 qualitatem
2057 513 2332 579 propriam
2355 514 2434 566 vel
2468 531 2601 567 eom-

435 611 647 647 munem
668 593 985 659 manifestat.
1035 594 1126 646 sed
1147 593 1459 661 diligentius
1471 593 1828 647 Caesariensis
1844 595 2191 663 Apollonium
2212 597 2287 649 ibi
2307 599 2600 666 transtulit,

436 679 526 730 ubi
577 679 733 730 huius
782 678 980 747 scripta
1027 695 1235 747 semper
1284 682 1409 731 ante
1456 678 1637 731 oeulos
1674 679 1934 746 habebat,
1984 680 2040 732 in
2077 680 2243 734 instit.
2283 681 2318 734 l.
2356 681 2410 735 II
2448 701 2492 736 e.
2531 684 2601 736 22

434 783 468 831 p
493 765 611 834 562⁸
631 763 683 815 H
689 783 727 816 ,ε
775 781 960 817 nomen
999 768 1073 817 est
1088 782 1144 832 p.
1170 781 1244 816 or.
1274 782 1407 831 quae
1439 756 1725 831 unicuique
1761 765 2106 818 subiectorum
2142 783 2478 835 corporum
2513 786 2604 822 seu

433 868 648 904 rerum
687 850 825 919 (sine
861 849 1014 915 sibi)
1054 866 1374 902 communem
1423 850 1500 902 vel
1535 850 1817 917 propriam
1865 851 2171 917 qualitatem
2218 852 2600 917 distribuit,

433 938 510 988 ita
547 939 759 988 tantum
797 934 865 986 ab
892 934 1181 1003 exemplari
1219 952 1314 987 suo
1342 935 1616 987 discedens
1643 937 1702 986 ut
1725 952 1824 1003 pro
1851 935 2071 989 ἑκάςτου
2097 940 2322 1004 poneret
2348 937 2602 1006 dativum,

434 1021 571 1090 quod
599 1021 727 1073 feeit
754 1020 915 1071 etiam
952 1019 986 1072 l.
1014 1018 1174 1072 XVII
1203 1037 1245 1072 e.
1274 1020 1341 1072 63
1367 1039 1402 1087 p
1433 1020 1578 1089 14520
1606 1018 1700 1090 (=
1731 1019 1908 1088 Apoll.
1933 1025 2069 1088 synt.
2095 1020 2284 1091 10317).
2341 1020 2602 1090 Dyscolus

432 1108 507 1158 sie
536 1106 822 1158 definiens:
855 1107 1015 1171 μέρος
1042 1106 1210 1167 λόγου
1237 1106 1459 1158 ἑκάςτου
1485 1111 1596 1159 τῶν
1623 1106 1992 1172 ὑποκειμένων
2021 1107 2276 1171 ςωμάτων
2302 1108 2333 1172 ἢ
2359 1109 2597 1172 πραγμά·

431 1210 541 1245 των
569 1194 753 1255 κοινὴν
781 1192 812 1255 ἢ
842 1191 977 1244 ἰδίαν
1005 1191 1264 1255 ποιότητα
1291 1191 1585 1258 ἀπονέμον,
1613 1190 1795 1243 omisit
1815 1209 1879 1242 ex
1898 1189 2122 1243 Thracis
2141 1191 2385 1244 finitione
2411 1211 2598 1247 πτωτι-
2622 1207 2665 1240 10

432 1279 554 1344 κόν,
591 1276 781 1328 deinde
808 1275 1012 1327 addidit
1034 1277 1250 1327 nomine
1276 1275 1567 1344 significari
1592 1275 1811 1329 ἕκαςτον
1837 1279 1948 1330 τῶν
1975 1276 2361 1345 ὑποκειμένων,
2400 1277 2464 1329 de
2489 1279 2604 1347 qui-

433 1363 529 1414 bus
558 1362 732 1413 verbis
760 1363 840 1413 cfr
860 1364 1066 1429 syntax.
1101 1361 1247 1429 10410
1282 1360 1424 1431 10519
1455 1361 1602 1430 11222
1629 1364 1789 1428 atque
1825 1361 1965 1430 10317
1993 1362 2106 1430 (ubi
2134 1363 2490 1428 ὑποκειμένου
2515 1363 2602 1416 vel

433 1452 543 1500 τῶν
566 1447 936 1512 ὑποκειμένων
965 1447 1106 1497 inter
1132 1446 1353 1498 έκάςτου
1381 1449 1434 1497 et
1459 1446 1719 1511 ποιότητα
1738 1445 2132 1515 inserendum);
2159 1448 2273 1500 tum
2294 1466 2390 1517 pro
2408 1455 2602 1504 κοινῶς

430 1551 485 1586 τε
513 1535 597 1585 καὶ
623 1532 766 1584 ἰδίως
793 1533 1089 1598 λεγόμενον
1114 1549 1223 1582 non
1247 1531 1428 1600 posuit
1453 1529 1594 1599 quod
1620 1530 1763 1582 infra
1795 1531 1955 1599 (33,6.
1984 1531 2134 1604 34,1)
2176 1532 2462 1602 Dionysius
2487 1534 2601 1602 ipse

431 1618 709 1670 substituit
744 1619 841 1683 τὴν
882 1618 1018 1671 ἰδίαν
1047 1618 1233 1671 οὐςίαν
1270 1619 1524 1684 ςημαῑνον
1564 1619 1618 1668 et
1653 1618 1749 1682 τὴν
1777 1619 1960 1682 κοινὴν
1989 1617 2099 1672 οὐς.
2130 1636 2261 1685 ςημ.,
2301 1619 2390 1670 sed
2420 1619 2600 1674 οὐςίας
2624 1633 2665 1666 15

431 1703 637 1755 nomini
676 1703 931 1771 praetulit
968 1704 1242 1770 ποιότητα,
1282 1701 1345 1754 de
1385 1718 1490 1770 quo
1528 1700 1790 1755 vocabulo
1830 1701 1949 1753 vide
1989 1707 2129 1772 synt.
2164 1705 2310 1773 10313
2353 1704 2499 1774 11222
2536 1704 2600 1757 de

428 1807 585 1857 pron.
626 1789 741 1858 2711,
785 1788 929 1859 10519
971 1787 1147 1856 Schn.‚
1189 1790 1242 1840 et
1277 1805 1374 1856 pro
1415 1790 1671 1854 ςημαῑνον
1707 1787 1899 1839 maluit
1936 1789 2237 1858 ἀπονέμον,
2277 1790 2341 1841 de
2379 1807 2484 1858 quo
2520 1789 2602 1842 cfr

429 1878 570 1945 synt.
602 1874 764 1943 10317.
821 1870 954 1926 haee
993 1891 1119 1926 vero
1146 1873 1383 1926 nominis
1410 1873 1725 1942 descripti0‚
1769 1890 1830 1924 ex
1863 1871 2188 1941 Dionysiana
2213 1877 2462 1943 quattuor
2486 1893 2599 1928 mu·
2664 1886 2667 1888 ’

427 1960 724 2012 tationibus
764 1964 898 2025 orta,
939 1963 1126 2028 postea
1164 1977 1194 2010 a
1236 1958 1510 2027 Byzantiis
1549 1976 1732 2010 rursus
1770 1958 1996 2012 similior
2025 1959 2269 2028 Dionysii
2307 1960 2451 2013 faeta
2489 1964 2595 2014 est:

427 2045 586 2097 rediit
631 2047 922 2114 πτωτικόν,
972 2045 1189 2113 irrepsit
1236 2044 1628 2113 Dionysianum
1680 2044 1863 2098 οὐςίαν
1916 2048 2252 2114 (quamquam
2305 2049 2460 2098 erant
2506 2048 2598 2115 qui
2621 2058 2663 2093 20

427 2134 811 2201 repugnarent,
855 2130 934 2182 cfr
962 2130 1149 2183 Choer.
1177 2131 1292 2200 415),
1334 2130 1549 2198 irrepsit
1575 2130 1738 2182 etiam
1776 2134 2033 2195 ςημαῑνον
2074 2129 2239 2201 (quod
2266 2134 2477 2200 praeter
2514 2142 2598 2185 Eg

426 2216 624 2268 habent
652 2215 886 2269 Zonarae
925 2216 1025 2268 leX.
1071 2216 1206 2268 1454
1243 2220 1296 2268 et
1331 2214 1684 2268 Choerobosei
1714 2214 2077 2268 Coislinianus
2097 2217 2224 2280 176,
2265 2215 2598 2271 Burbonious

422 2301 470 2353 11
515 2301 560 2354 D
587 2302 661 2371 3).

564 2444 629 2496 ad
670 2444 762 2509 24,
793 2445 848 2498 4.
926 2442 963 2497 S
1005 2463 1091 2498 om
1140 2448 1425 2512 utrumque
1474 2443 1619 2507 οἷον,
1669 2446 1794 2496 ante
1832 2444 1977 2498 λίθος
2016 2444 2179 2498 habet
2225 2446 2468 2516 exempla
2505 2447 2594 2502 ho-

422 2532 583 2583 minis
622 2536 675 2582 et
711 2532 856 2598 equi,
895 2534 1018 2598 post
1058 2530 1269 2583 παιδεία
1307 2529 1527 2580 nomina
1562 2530 1854 2596 sapientiae
1892 2532 1944 2580 et
1974 2531 2302 2597 prudentiae.
2617 2559 2660 2605 35

566 2674 630 2724 ad
671 2672 766 2740 24,
795 2672 851 2725 5.
929 2669 967 2726 S
1018 2689 1103 2723 om
1153 2660 1435 2740 utrumque
1484 2670 1621 2724 οἷον.
1696 2676 1819 2739 post
1863 2671 2030 2725 ἵππος
2079 2670 2243 2724 habet
2289 2674 2594 2743 exemplum

424 2760 565 2811 bovis
603 2756 707 2828 (cfr
735 2758 959 2810 Aristot.
989 2762 1158 2825 eateg.
1191 2761 1212 2808 1
1237 2775 1269 2809 a
1288 2757 1320 2809 8
1347 2761 1401 2809 et
1430 2756 1494 2809 19
1532 2763 1692 2825 atque
1718 2757 1846 2808 artis
1874 2775 1907 2825 p
1933 2758 2018 2821 44,
2050 2760 2120 2827 1),
2161 2761 2285 2810 ante
2311 2761 2609 2827 Σωκράτης

422 2846 477 2896 in
522 2847 562 2895 A
605 2844 784 2896 codice
834 2844 1055 2895 nomina
1095 2841 1341 2895 Platonis
1391 2846 1444 2894 et
1481 2843 1806 2911 Aristoteli83
1854 2843 1910 2894 in
1951 2842 1992 2894 B
2031 2842 2285 2912 leguntur
2321 2843 2454 2898 haec
2490 2845 2596 2899 tria

419 2929 663 2998 propria:
706 2928 912 2982 Paulus
953 2927 1142 2981 Petrus
1179 2927 1426 2981 Ioannes.

563 3072 627 3123 ad
667 3072 762 3139 24,
790 3071 844 3124 8.
919 3075 1043 3123 ante
1090 3071 1349 3139 pluralem
1388 3070 1479 3124 εἰςι
1518 3070 1744 3123 debebat
1782 3072 1951 3123 erucis
1991 3072 2204 3140 signum
2242 3072 2398 3140 poni,
2449 3073 2652 3128 sicutao

424 3161 502 3221 11,
530 3159 562 3208 2
601 3162 724 3209 ante
762 3161 1010 3219 λέγονται
1038 3156 1269 3225 positum
1298 3159 1391 3208 est.
1432 3187 1500 3194 —
1541 3152 1609 3209 S:
1648 3157 1776 3221 γένη
1803 3156 1905 3211 οὖν
1936 3161 2060 3209 sunt
2084 3158 2142 3209 in
2168 3157 2354 3225 linqua
2379 3158 2587 3225 quidem

416 3262 607 3311 yraeea
655 3245 798 3311 τρία,
848 3244 1126 3309 ἀρςενικὸν
1174 3246 1223 3295 et
1269 3243 1500 3307 θηλυκὸν
1539 3245 1586 3294 et
1622 3242 1774 3294 aliud
1798 3246 2015 3309 praeter
2051 3243 2203 3310 haee,
2250 3244 2390 3309 quod
2423 3260 2587 3311 neque

419 3329 771 3382 masculinum
808 3346 973 3396 neque
996 3329 1314 3393 femininum
1351 3331 1438 3393 est,
1481 3330 1753 3393 tamquam
1768 3329 2074 3395 proprietas
2109 3328 2325 3396 linquae
2345 3345 2582 3395 yraeeae.

420 3417 478 3467 in
516 3415 699 3482 linqua
738 3432 856 3467 vero
893 3416 1105 3482 syriaca
1138 3430 1332 3481 yenera
1367 3416 1492 3466 sunt
1527 3413 1646 3479 dub,
1687 3412 2038 3465 masculinum
2074 3416 2122 3465 et
2153 3413 2487 3478 femininum.

459 3622 485 3627 .„
563 3557 627 3607 ad
667 3554 761 3622 25,
794 3556 844 3608 1.
921 3554 959 3610 S
998 3557 1212 3610 τούτοις
1249 3556 1388 3609 ἄλλα
1425 3556 1525 3608 δύο
1566 3554 1841 3607 convertit.
2603 3570 2647 3612 ³⁶

420 3701 486 3770 ῇξ-
564 3699 630 3751 ad
669 3697 763 3766 25,
791 3697 845 3750 2.
920 3716 1014 3766 pro
1063 3699 1230 3752 ἵππος
1269 3698 1414 3751 κύων
1455 3693 1493 3751 S
1533 3695 1695 3748 habet
1743 3695 1983 3765 exempla
2027 3697 2209 3750 cameli
2255 3702 2308 3750 et
2355 3690 2623 3766 aquilaes

421 3785 610 3839 deinde
648 3802 746 3854 pro
786 3786 1014 3851 χελιδών
1054 3784 1209 3838 ἀετός
1247 3784 1467 3837 nomina
1503 3782 1810 3835 hirundinis
1847 3784 1900 3833 et
1931 3783 2178 3848 passeris.
2243 3782 2361 3835 vide
2387 3781 2580 3836 Merxii

415 3872 718 3925 editionem.

560 4016 625 4067 ad
664 4014 760 4080 25,
788 4014 842 4066 5.
918 4009 957 4068 S
996 4030 1094 4082 pro
1131 4016 1198 4075 γῆ
1234 4016 1286 4064 et
1309 4013 1519 4077 γαιήϊος
1543 4013 1697 4061 terna
1723 4010 1964 4078 exempla
1989 4011 2171 4063 habet:
2210 4010 2410 4064 eaelum
2433 3989 2608 4066 terra‘

418 4103 579 4169 ἱροῖς,
620 4101 848 4154 caelestis
885 4101 1142 4154 terrestris
1177 4100 1374 4166 iqneuS.
2597 4112 2642 4148 ιο
2726 4122 2732 4128 ·
