2814 4400
339 289 483 333 XCIV
996 289 1293 334 ADDENDA
1325 289 1405 333 ET
1437 289 1836 335 CORRIGENDA

482 420 547 471 ad
586 419 680 484 69,
709 419 762 470 5.
839 415 904 472 S:
945 420 1230 485 ςύναρθροι
1268 422 1362 484 μὲν
1399 424 1524 472 sunt
1561 420 1683 474 οἷον
1711 421 1743 474 ὁ
1769 421 1893 486 ἐμός
1931 418 2066 487 tuuS,
2105 421 2424 487 ἀςύναρθροι
2449 423 2510 475 δὲ

338 509 460 556 sunt
481 503 600 556 οἷον
625 504 730 566 ἐγώ
754 507 809 556 tu
826 506 887 556 is.
929 522 1056 574 ergo
1084 505 1351 556 contrario
1374 505 1558 557 ordine
1576 506 1744 558 utitur
1765 509 1922 574 atque
1940 507 2100 557 ceteri
2120 510 2300 569 testeS‚
2328 525 2509 575 quam·
2533 580 2535 582 Ι

340 608 498 658 quam
536 589 647 656 ipse
677 589 732 640 in
760 590 1197 642 antecedentibus
1218 590 1516 659 praemittit
1534 591 1918 660 ἀςυνάρθρους,
1949 591 2145 644 subicit
2165 593 2509 658 ςυνάρθρους.

483 746 547 796 ad
590 745 682 811 70,
710 745 931 813 2—72,
959 746 1013 799 2.
1091 743 1157 801 S:
1205 748 1466 812 Πρόθεςις
1514 751 1687 801 autem
1726 749 1832 801 ἐςτὶ
1869 749 2005 803 λέξις
2044 749 2230 815 aliqua
2266 754 2511 814 προτιθε-

342 834 468 896 μένη
510 832 576 884 ab
616 832 769 883 initio
808 833 1028 886 πάντων
1067 839 1177 886 τῶν
1203 837 1300 885 τοῦ
1341 833 1509 896 λόγου
1548 837 1744 902 μερῶν,
1783 834 1842 886 ἔν
1871 852 1928 887 τε
1957 835 2191 888 ςυνθέςει
2229 850 2407 887 eorum
2430 834 2556 887 καὶὸ

342 917 578 970 ςυντάξει
625 933 819 968 eorum.
896 918 994 971 Εἰςὶ
1041 919 1098 970 δὲ
1147 918 1199 970 αἱ
1244 921 1403 971 πᾶςαι
1447 916 1560 988 (om
1609 920 1906 985 προθέςεις)
1944 920 2229 971 seeundum
2275 919 2515 986 linquam

339 1019 588 1070 yraeeam
627 1001 768 1054 ὀκτὼ
809 1004 1081 1071 καὶγδέκα,
1119 1004 1379 1070 simplices
1418 1005 1535 1072 (pro
1573 1021 1764 1072 graeco
1803 1003 2220 1071 μονοςύλλαβοι)
2260 1004 2341 1071 ἕξ,
2381 1021 2514 1056 eom-

335 1088 541 1154 positae
581 1089 701 1155 (pro
729 1089 1056 1154 διςύλλαβοι)
1099 1091 1157 1141 δὲ
1196 1090 1296 1142 δύο
1335 1090 1422 1141 καὶ
1448 1090 1590 1142 δέκα.
1654 1088 2006 1157 quaedeinde
2035 1088 2098 1140 de
2125 1089 2343 1157 syriacis
2369 1106 2515 1157 prae-

343 1172 703 1240 positionibus
742 1172 896 1241 dicit,
935 1174 1055 1226 vide
1095 1174 1165 1225 sis
1203 1175 1260 1225 in
1298 1174 1531 1226 editione
1571 1173 1860 1226 Merxiana.

484 1328 549 1380 ad
590 1327 682 1394 72,
710 1328 877 1382 4—5.
953 1330 1092 1398 apud
1133 1327 1172 1384 S
1213 1348 1472 1382 conversa
1520 1330 1746 1399 legimus
1795 1331 2010 1385 ἄκλιτον
2058 1332 2089 1396 ἢ
2129 1331 2513 1397 ἐπιλεγόμενον
2538 1353 2580 1385 ιο

346 1414 550 1479 ῥήματι.
627 1414 775 1466 deest
811 1417 944 1468 κατὰ
982 1415 1216 1481 ῥήματος
1256 1417 1553 1479 λεγόμενον
1591 1416 1874 1468 verborum
1913 1416 2302 1484 interpretatio.

487 1570 551 1621 ad
593 1569 686 1637 73,
716 1571 880 1624 1-2.
945 1567 1011 1626 S:
1051 1572 1196 1625 ἁπλᾶ
1233 1573 1328 1638 μὲν
1367 1576 1505 1626 sunt.
1568 1571 1658 1623 sed
1685 1589 1820 1641 quae
1858 1572 2034 1624 verbis
2073 1572 2148 1625 ὡς
2177 1574 2359 1637 πάλαι,
2397 1573 2516 1628 ςύν-

345 1661 471 1710 θετα
510 1657 569 1710 δὲ
609 1657 683 1710 ὡς
722 1658 995 1722 πρόπαλαι
1039 1656 1426 1725 respondeant,
1475 1675 1582 1709 non
1622 1658 1972 1710 inveniuntur
2010 1658 2067 1710 in
2105 1659 2218 1710 eius
2257 1658 2517 1712 versione.

383 1880 387 1884 ι
493 1812 558 1865 ad
599 1812 692 1880 73,
719 1812 924 1881 3-74,
955 1813 1006 1866 1.
1073 1813 1138 1868 S:
1178 1815 1245 1867 τὰ
1284 1815 1343 1867 δὲ
1381 1815 1597 1879 χρόνων
1638 1815 1770 1883 (non
1811 1815 2038 1884 χρόνου)
2077 1815 2358 1884 δηλωτικά,
2399 1814 2520 1870 οἷον

348 1903 447 1953 νῦν
485 1899 606 1952 τότε
646 1899 811 1952 αὖθις,
888 1899 950 1951 In
999 1898 1448 1968 subsequentibus
1496 1917 1671 1951 errore
1718 1900 1985 1968 separavit
2021 1902 2086 1954 τὰ
2124 1905 2310 1966 καιροῦ
2347 1918 2518 1966 παρα·
2544 1919 2585 1952 15

347 1985 559 2038 ςτατικά
597 1985 757 2036 verba
793 1987 1066 2053 tamquam
1104 1984 1228 2036 novi
1267 1985 1530 2037 enuntiati
1570 1985 1786 2037 initium
1826 1985 1894 2037 ab
1920 1987 2276 2040 ὑποτακτέον.
2340 1989 2522 2038 utrum

347 2069 458 2134 εἴδη
500 2089 566 2122 an
608 2069 753 2123 εἶδος
780 2069 989 2140 legerit,
1030 2069 1207 2122 videre
1235 2088 1342 2122 non
1367 2069 1499 2123 licet
1523 2073 1745 2139 propter
1771 2071 2144 2140 corruptelam,
2186 2071 2302 2123 vide
2329 2070 2521 2123 Merxii

345 2155 651 2208 editionem.

488 2298 554 2350 ad
594 2297 691 2365 74,
718 2297 880 2351 1-2.
946 2296 1010 2352 S:
1054 2298 1174 2354 οἷον
1214 2301 1442 2364 ςήμερον
1481 2299 1671 2365 αὔριον
1704 2300 1951 2366 perendie
1975 2301 2089 2354 heri
2123 2300 2520 2353 nudiustertius.

348 2401 475 2451 ergo
516 2383 664 2435 addit
688 2383 809 2448 tria,
850 2402 984 2452 quae
1011 2386 1196 2450 καιρὸν
1222 2385 1544 2454 significant,
1585 2403 1759 2454 neque
1787 2402 1909 2436 vero
1937 2385 2524 2455 interpretatur-tomba
2545 2404 2589 2438 20

347 2471 482 2522 τέως
519 2470 725 2534 πηνίκα.

492 2626 556 2678 ad
600 2626 693 2693 74,
721 2626 775 2679 3.
840 2623 905 2680 S:
944 2628 1008 2680 τὰ
1037 2629 1094 2680 δὲ
1120 2629 1422 2695 μεςότητος,
1454 2627 1574 2681 οἷον
1602 2631 1780 2681 καλῶς
1799 2629 2070 2695 perspicue
2096 2633 2295 2694 ςοφῶς.
2351 2627 2522 2680 altero

351 2712 594 2780 exemplo
634 2712 859 2763 forsitan
897 2712 1282 2780 interpretatus
1322 2714 1393 2765 sit
1431 2719 1631 2780 ςαφῶς.

494 2869 559 2921 ad
603 2869 695 2936 75,
726 2871 755 2922 l
796 2870 862 2922 τὰ
900 2871 959 2923 δὲ
996 2871 1307 2939 ποιότητος]
1349 2873 1408 2923 ut
1446 2870 1748 2932 Armenius
1787 2870 1864 2940 ita
1903 2866 1941 2923 S
1981 2886 2078 2938 pro
2117 2869 2407 2935 ποιότητος
2432 2885 2526 2938 po-

353 2955 459 3006 suit
496 2972 691 3007 nomen
732 2955 873 3024 quod
912 2955 1137 3022 ποίηςιν,
1178 2957 1432 3009 actionem
1457 2955 1743 3025 significat.
1814 2954 1893 3006 cfr
1931 2954 2136 3007 scholia
2173 2971 2367 3023 graeca
2390 2971 2526 3024 quae
2549 2974 2592 3009 25

354 3040 410 3091 in
460 3040 809 3094 adnotatione
856 3041 1124 3110 exscripsi.
1165 3073 1220 3080 —
1270 3041 1460 3094 deinde
1508 3042 1611 3095 πύξ
1659 3041 1753 3096 λάξ
1798 3040 2064 3107 βοτρυδόν
2105 3040 2372 3106 ἀγεληδόν
2412 3038 2524 3092 dili-

354 3129 543 3195 genter
579 3126 753 3179 reddit
789 3126 1085 3197 subicitque
1124 3127 1370 3196 quintum
1410 3126 1738 3196 exemplum,
1787 3126 1927 3195 quod
1966 3125 2233 3195 significat
2262 3125 2524 3193 probrose,

355 3212 725 3265 contumeliose.

498 3354 559 3405 ad
603 3353 696 3421 75,
724 3353 778 3407 3.
853 3372 921 3406 ne
961 3351 999 3409 S
1040 3355 1254 3424 quidem
1292 3356 1530 3422 μυριάκις
1567 3354 1843 3424 expressit.

501 3509 566 3562 ad
607 3509 693 3574 76,
727 3509 755 3562 l
796 3512 863 3565 τὰ
900 3513 957 3563 δὲ
997 3511 1221 3579 ἀριθμοῦ
1248 3511 1529 3580 δηλωτικὰ,
1569 3510 1691 3564 οἷον
1719 3511 1797 3564 δίς
1829 3510 1939 3575 τρίς
1967 3509 2226 3578 τετράκις]
2267 3505 2335 3563 S:
2363 3525 2526 3579 quae·
2549 3529 2593 3562 80

357 3596 483 3649 dam
508 3596 809 3649 indicantia
833 3601 957 3648 sunt
981 3599 1256 3651 nominum
1281 3613 1638 3663 numerorum,
1667 3596 1805 3649 velut
1827 3611 1995 3647 unus
2020 3595 2138 3647 duo
2165 3599 2310 3648 tres,
2349 3594 2529 3663 itaque

358 3681 518 3750 plane
565 3681 761 3749 repetit
809 3699 870 3732 ea
918 3699 1053 3749 quae
1092 3700 1254 3751 supra
1292 3684 1349 3750 (p
1387 3682 1485 3750 44,
1511 3681 1678 3748 4-5)
1717 3680 1774 3732 in
1811 3678 2214 3748 interpretanda
2251 3679 2528 3731 nominum

360 3766 533 3835 specie
571 3764 832 3818 numerali
872 3767 1103 3836 scripsit,
1140 3767 1245 3820 nisi
1283 3766 1424 3836 quod
1462 3784 1608 3818 nunc
1645 3764 1837 3834 plurali
1878 3764 2061 3833 utitur,
2102 3764 2212 3818 illic
2250 3761 2526 3834 singulari.

358 3851 729 3920 repetitionem
767 3868 876 3903 non
919 3851 1092 3903 minus
1132 3853 1371 3921 ineptam
1410 3869 1570 3920 supra
1608 3849 2002 3903 observavimus
2042 3849 2106 3902 ad
2144 3849 2229 3915 62,
2260 3849 2417 3902 3-4,

505 4007 571 4059 ad
612 4007 704 4075 76,
733 4006 897 4060 2-3.
972 4008 1038 4060 τὰ
1076 4009 1134 4061 δὲ
1172 4009 1380 4076 τοπικά,
1421 4007 1542 4061 οἷον
1569 4005 1685 4060 ἄνω
1722 4006 1890 4059 κάτω·
1933 4007 2010 4061 ὧν
2038 4008 2231 4072 ςχέςεις
2257 4005 2349 4057 εἰςὶ
2374 4006 2528 4069 τρεῖς,
2551 4031 2594 4064 35

363 4094 394 4157 ἡ
435 4094 492 4146 ἐν
530 4095 699 4162 τόπῳ,
737 4093 768 4157 ἡ
809 4093 882 4146 εἰς
919 4093 1110 4162 τόπον,
1149 4093 1180 4156 ἡ
1220 4094 1276 4146 ἐκ
1314 4094 1503 4156 τόπου,
1544 4091 1662 4145 οἷον
1704 4091 1841 4145 οἴκοι
1879 4091 2058 4145 οἴκαδε
2086 4089 2322 4159 οἴκοθεν]
2363 4085 2428 4142 S:
2465 4090 2531 4142 τὰ
