2808 4394
413 283 513 335 170

409 412 860 466 *προπαροξύτονον
907 414 1056 466 ὄνομα
1089 417 1190 467 109,
1221 419 1261 456 4.
1308 419 1411 469 108,
1443 420 1463 457 1

465 481 633 534 (altero
664 480 766 525 loco
799 484 950 536 ὄνομα
979 483 1351 527 subaudiendum
1375 485 1467 538 est)

409 553 896 607 *προπεριςπώμενον
929 554 1079 606 ὄνομα
1113 560 1207 609 110,
1238 561 1277 599 2.
1314 560 1409 609 109,
1441 559 1467 598 6

463 623 631 676 (altero
662 622 765 667 loco
798 624 948 678 ὄνομα
979 624 1352 669 subaudiendum
1375 626 1466 681 est)

408 695 550 755 πρός
581 693 868 752 praepositio
898 695 1222 750 monosyllaba
1253 701 1319 750 71,
1351 701 1391 740 2.
1412 721 1466 727 —

462 768 716 823 usurpatur
746 779 850 809 cum
882 779 976 810 acc.
1008 770 1075 819 27,
1107 773 1132 811 3
1165 769 1212 811 et
1242 771 1282 811 5.
1321 772 1390 821 28,
1423 773 1466 811 3.

461 843 530 889 33,
562 841 583 880 1
603 837 687 881 bis.
738 838 806 890 35,
839 842 863 879 3
895 837 943 880 et
971 841 1012 880 4.
1061 841 1130 890 51,
1161 842 1200 881 5.
1253 841 1323 893 53,
1356 843 1382 881 3
1420 839 1468 881 et

460 913 486 950 4
507 907 591 951 bis.
625 912 693 961 95,
725 912 764 951 2.
813 906 920 951 vide
953 908 1072 962 πρός
1102 922 1146 951 τι
1177 909 1290 962 ἔχον
1321 908 1370 952 et
1401 909 1466 952 ὡς

463 979 581 1033 πρός
612 992 657 1022 τι
686 979 796 1034 ἔχον
826 980 934 1034 post
963 980 1281 1034 προςτακτική

404 1046 887 1109 προσαγορεύεται
915 1050 1184 1094 nominatur
1214 1055 1281 1104 32,
1313 1055 1338 1093 2

403 1119 888 1180 προσαγορευτικὴ
922 1124 1098 1165 πτῶςις
1129 1120 1278 1164 altera
1308 1120 1466 1177 appel-

459 1190 572 1234 latio
604 1204 735 1234 casus
766 1191 970 1235 vocativi
1000 1197 1067 1244 32,
1103 1196 1122 1234 1

403 1260 916 1323 προσγραφομένου
946 1266 1031 1305 τοῦ
1063 1263 1081 1305 ῐ
1110 1263 1169 1306 de
1199 1263 1217 1305 ἰ
1246 1275 1339 1305 non
1359 1276 1464 1317 pro-

457 1332 674 1376 nuntiata
704 1336 772 1384 58,
806 1337 845 1375 2.
895 1331 1002 1376 vide
1034 1330 1374 1388 Goettlingium
1401 1332 1465 1375 ad

459 1402 636 1447 Theod.
666 1403 714 1445 in
744 1417 775 1460 p
807 1408 887 1447 241

402 1474 770 1532 προσηγορία.
829 1475 858 1528 ἡ
920 1474 1009 1530 γὰρ
1061 1475 1349 1530 προςηγορία
1399 1478 1464 1520 ὡς

460 1545 586 1588 εἶδος
626 1548 696 1599 τῷ
738 1544 937 1598 ὀνόματι
975 1547 1294 1601 ὑποβέβληται
1325 1550 1394 1598 23,
1425 1551 1464 1589 2.

456 1616 585 1659 dicta
631 1616 739 1658 sunt
795 1615 942 1660 verba
995 1618 1157 1661 contra
1202 1615 1466 1661 Stoicorum

458 1686 731 1740 doctrinam,
749 1687 830 1742 qui
847 1686 1217 1744 appellationem
1234 1701 1263 1732 a
1276 1686 1466 1744 proprio

457 1758 645 1802 nomine
678 1757 1043 1813 distinguebant.
1091 1758 1303 1802 Laertius
1325 1757 1461 1814 Diog.

457 1828 545 1872 VII
563 1829 587 1877 ἓ
605 1834 679 1873 57:
708 1832 794 1872 τοῦ
813 1830 864 1873 δὲ
881 1831 1027 1882 λόγου
1049 1831 1141 1874 ἔςτι
1164 1830 1279 1885 μέρη
1304 1830 1462 1883 πέντε,

456 1901 521 1943 ὥς
554 1914 665 1955 φηςι
695 1900 924 1955 Διογένης
955 1914 1008 1945 τε
1039 1901 1090 1944 ἑν
1119 1905 1190 1956 τῷ
1222 1902 1327 1955 περὶ
1359 1915 1461 1955 φω-

458 1975 543 2026 νῆς
566 1973 641 2014 καὶ
659 1971 945 2025 Χρύςιππος·
972 1972 1135 2026 ὄνομα,
1159 1971 1459 2027 προςηγορία,

454 2044 593 2096 ῥῆμα,
627 2043 892 2096 ςύνδεςμος,
917 2043 1103 2097 ἄρθρον.
1150 2041 1371 2086 Priscian.
1393 2042 1462 2085 in-

456 2112 603 2160 stitut,
635 2111 714 2155 lib.
738 2110 778 2154 Il
806 2117 829 2164 ξ
856 2116 905 2155 16
937 2112 980 2155 II
1010 2117 1081 2169 548
1098 2112 1179 2158 H.:
1212 2112 1463 2156 secuudum

456 2183 632 2227 Stoicos
661 2194 765 2227 vero
795 2183 998 2238 quinque
1026 2188 1136 2228 suut
1167 2183 1264 2228 eius
1281 2187 1461 2238 partes:

461 2266 645 2308 nomeu,
676 2254 951 2309 appellatio,
981 2254 1185 2308 verbum,
1210 2266 1463 2310 proumueu

454 2325 549 2370 sive
578 2325 828 2378 articulus,
860 2325 1122 2370 coniunctio

397 2393 817 2456 προσηγορικὸν
849 2399 999 2453 ὄνομα
1029 2410 1192 2443 ‘nomeu
1221 2397 1462 2454 appellati-

459 2480 564 2510 vum
596 2472 664 2522 31,
699 2473 735 2512 1.
770 2473 839 2524 34,
875 2474 895 2511 1
930 2470 977 2513 et
1008 2474 1046 2513 3.
1079 2473 1146 2522 36,
1181 2474 1206 2513 3

403 2540 743 2593 προςληπτικοὶ
794 2540 1051 2593 ςύνδεςμοι.
1130 2538 1217 2583 hoc
1275 2539 1462 2583 nomine

457 2607 602 2652 Stoici
649 2609 876 2654 eiusmodi
913 2610 1262 2654 coniunctiones
1300 2609 1462 2665 appel-

458 2679 649 2737 labant,
701 2693 822 2736 quae
873 2682 1160 2738 πρόςληψιν,
1212 2680 1242 2723 i.
1282 2693 1321 2726 e.
1373 2679 1463 2735 syl-

456 2751 642 2809 logismi
662 2750 1033 2809 propositionem
1053 2751 1294 2806 minorem,
1327 2750 1460 2794 indu-

456 2835 560 2866 cere
591 2822 763 2876 solent3
796 2822 854 2866 ab
888 2822 1055 2867 Stoicis
1086 2822 1269 2878 accepit
1299 2821 1459 2878 appel-

455 2893 677 2937 lationem
710 2893 986 2949 Apollonius
1009 2893 1254 2950 Dyscolus3
1288 2892 1459 2949 Diony-

455 2964 548 3007 sius
587 2964 708 3009 hanc
747 2965 938 3009 classem
974 2978 1065 3009 non
1096 2964 1260 3008 habet:
1301 2963 1362 3007 ad
1391 2968 1460 3017 95,

455 3041 479 3077 2
502 3039 650 3091 -96,
683 3040 722 3078 2.
783 3035 968 3092 saepius
1018 3037 1366 3091 προςληπτικός
1411 3034 1460 3078 in

458 3107 781 3161 προληπτικός
805 3106 1093 3163 corruptum,
1119 3106 1250 3150 velut
1271 3110 1320 3150 Σ
1337 3110 1459 3162 97130

454 3177 502 3219 in
532 3176 595 3232 U,
627 3182 748 3234 97133
778 3177 826 3220 in
856 3177 976 3228 UH,
1010 3182 1111 3233 9705
1142 3177 1189 3220 in
1211 3176 1359 3220 UHb.
1387 3190 1459 3220 ·ex

456 3260 549 3302 qua
580 3248 843 3304 corruptela
873 3248 1060 3294 videtur
1085 3250 1199 3292 nata
1230 3261 1329 3291 esse
1358 3247 1457 3290 Pri-

455 3316 599 3361 sciani
658 3318 836 3374 species
894 3319 1271 3363 coniunctionum
1323 3331 1459 3375 prae-

453 3389 687 3444 sumptiva
717 3389 784 3433 III
816 3396 927 3446 93¹5:
968 3389 1073 3435 vide
1105 3389 1317 3434 Schoem.
1368 3389 1458 3432 Re-

456 3461 549 3508 det.
582 3466 663 3505 219
696 3460 801 3505 adn.
836 3467 861 3505 2

402 3533 689 3588 προςλήψεις
719 3532 878 3576 nescio
909 3546 969 3576 an
999 3531 1238 3589 scripserit
1267 3531 1323 3575 D.
1371 3543 1456 3586 pro

456 3605 708 3659 ςυλλήψεις
739 3606 808 3657 95,
842 3607 890 3647 2:
931 3617 974 3651 v.
1005 3602 1207 3647 indicem
1238 3602 1323 3646 sub
1357 3602 1458 3646 ςύλ-

455 3677 593 3730 ληψις

398 3744 781 3804 προστακτικὴ
818 3745 1011 3799 ἔγκλιςις
1060 3745 1221 3789 modus
1264 3744 1458 3799 impera-

453 3816 577 3861 tivus
606 3821 677 3871 47,
709 3822 735 3861 3

398 3883 536 3946 πρός
571 3903 627 3933 τι
665 3883 800 3944 ἕχον
838 3888 986 3941 ὄνομα
1016 3900 1186 3931 nomen
1220 3886 1348 3942 quod
1377 3898 1457 3929 no-

454 3958 605 4002 tiones
635 3957 858 4002 relativas
890 3957 1135 4014 significat,
1177 3959 1240 4002 ad
1270 3956 1456 4012 aliquid

456 4028 629 4073 dictum
660 4028 786 4084 apud
815 4027 1051 4072 Donatum
1083 4030 1130 4073 et
1151 4028 1454 4083 Priscianum,

458 4104 536 4154 33,
572 4104 607 4142 1.
656 4104 731 4153 35,
763 4104 800 4146 3.
854 4103 904 4143 Σ
932 4103 1052 4155 86622
1081 4098 1291 4156 (Steph):
1337 4097 1454 4153 πρός

988 256 1574 332 ΠΡοΠΑΡοΞῩΤοΝοΝ
1597 311 1652 318 -
1672 272 1990 334 ΠΡοςΩιΔίΑ

1567 429 1612 458 τι
1651 416 1762 469 ἔχον
1800 417 1894 459 ἑςτὶ
1934 418 1991 460 τὸ
2033 419 2151 461 κατὰ
2192 422 2288 462 πᾶν
2320 421 2439 473 πρὸς
2471 421 2568 464 ἑτέ-

1567 499 1655 539 ραν
1693 486 1842 539 (χέειν
1888 486 2169 542 νοούμενον,
2217 490 2327 532 καθ*
2363 491 2481 533 αὐτὸ
2520 491 2570 534 δὲ

1568 557 1915 612 ἀνυπόςτατον,
1939 556 2042 601 οἷον
2066 560 2224 613 πατήρ
2244 559 2346 604 υἱός
2371 561 2567 615 ἑταῖρος.

1567 630 1719 670 ταῦτα
1751 628 1834 670 ςὺν
1865 627 2039 682 ἑτέροις
2061 634 2254 684 νοεῖται,
2287 630 2390 673 οἷον
2411 632 2570 686 πατήρ

1568 710 1719 752 τινος,
1753 696 1852 741 υἱός
1883 712 2023 744 τινος.
2084 699 2380 754 grammatici
2409 701 2571 756 graeci

1569 766 1852 822 posteriores
1882 768 2117 812 interdum
2139 771 2245 823 ἔχον
2266 769 2567 826 participium

1569 837 1812 900 omittunt,
1874 839 2002 894 apud
2050 839 2345 896 artigraphos
2389 838 2570 896 aliquot

1568 907 1740 951 latinos
1778 907 1999 965 legimus:
2039 910 2148 955 haec
2186 924 2217 954 a
2249 910 2439 955 Graecis
2466 914 2569 955 τῶν

1568 979 1687 1034 πρός
1703 993 1748 1022 τι
1771 980 2082 1035 appellantur.
2113 995 2152 1029 v.
2171 981 2232 1024 ad
2248 985 2320 1035 35,
2341 986 2382 1028 3.
2411 1006 2467 1013 —-
2495 975 2570 1038 ὠς

1567 1047 1708 1111 πρός
1739 1066 1793 1095 τι
1823 1046 1959 1107 ἔχον
1996 1052 2130 1108 quasi
2166 1052 2229 1096 ad
2259 1051 2444 1107 aliquid
2473 1051 2567 1097 dic-

1567 1125 1665 1164 tum
1685 1121 1925 1167 Prisciani.
1959 1126 2007 1166 Σ
2023 1127 2150 1179 8673:
2183 1122 2480 1178 ἀναιρετικὸν
2499 1123 2566 1176 γί·

1566 1205 1697 1236 νεται
1726 1196 1812 1236 τοῦ
1845 1194 2024 1248 ἑτέρου.
2058 1194 2220 1250 τούτῳ
2250 1194 2338 1248 γὰρ
2369 1195 2445 1237 καὶ
2474 1195 2568 1238 δια-

1566 1263 1700 1318 φέρει
1731 1267 1817 1307 ‘tofi
1848 1266 1967 1319 πρός
1997 1278 2042 1308 τι
2071 1266 2264 1319 ἔχοντος
2285 1266 2342 1308 τὸ
2363 1265 2429 1308 ὡς
2449 1264 2569 1320 πρός

1565 1347 1609 1376 τι
1649 1334 1784 1389 ἔχον,
1819 1334 1986 1390 καίπερ
2023 1337 2195 1380 δοκοῦν
2233 1336 2396 1388 ὅμοιον
2427 1335 2568 1380 εἶναι·

1567 1405 1624 1447 τὸ
1656 1405 1740 1458 μὲν
1770 1403 1858 1459 γὰρ
1889 1405 2007 1460 πρός
2038 1419 2083 1448 τι
2113 1406 2222 1460 ἔχον
2255 1407 2330 1450 καὶ
2361 1406 2566 1461 ςυνευρί-

1568 1489 1724 1519 ςκεται
1744 1477 1819 1519 καὶ
1841 1476 2188 1520 ςυναπόλλυται
2203 1510 2393 1524 .......
2406 1487 2415 1497 ·
2449 1477 2567 1521 ὠνό-
2604 1466 2610 1470 ’

1569 1559 1712 1599 μαςας
1744 1547 1939 1601 πατέρα,
1985 1547 2311 1600 ςυνονομάζεις
2340 1549 2417 1591 καὶ
2445 1548 2564 1592 υἱόν.

1567 1618 1750 1661 ἀνεῖλες
1780 1618 1869 1661 τὸν
1899 1616 2016 1670 υἱόν,
2056 1623 2343 1674 ςυναναιρεῖς
2373 1620 2450 1663 καὶ
2478 1621 2567 1664 τὸν

1567 1688 1747 1742 πατέρα
1777 1720 2136 1735 .........
2172 1689 2269 1734 Ἐπὶ
2307 1690 2357 1733 δὲ
2385 1693 2471 1733 τοῦ
2502 1691 2567 1735 ὡς

1569 1759 1688 1814 πρός
1727 1773 1771 1802 τι
1811 1759 1968 1803 οὐκέτι
2006 1762 2180 1803 τοῦτον
2218 1761 2311 1814 ἔχει
2346 1761 2435 1804 τὸν
2463 1762 2567 1816 τρό-

1565 1844 1676 1884 πον,
1707 1830 1819 1874 ἀλλ’
1850 1830 2090 1884 ὀνομάζεις
2121 1831 2186 1884 ἕν,
2219 1832 2295 1874 καὶ
2323 1832 2380 1875 τὸ
2403 1831 2568 1886 ἕτερον

1564 1902 1780 1956 ἀναιρεῖς.
1840 1902 1923 1945 ὲὰν
1959 1902 2049 1956 γὰρ
2081 1901 2215 1957 εἴπῃς
2246 1902 2352 1956 νύξ,
2395 1902 2568 1958 ἀνῄρη-

1563 1985 1639 2016 ται
1669 1972 1698 2025 ή
1732 1972 1895 2027 ἡμέρα,
1934 1974 2010 2016 καὶ
2040 1975 2146 2026 φῶς
2178 1972 2330 2016 εἰπὼν
2361 1973 2564 2027 ἀναιρεῖς

1562 2044 1620 2086 τὸ
1651 2043 1831 2090 ςκότος.
1889 2042 2025 2086 huius
2061 2055 2248 2099 quoque
2284 2042 2564 2099 appellatio—

1562 2113 1633 2157 nis
1654 2126 1812 2158 vocem
1847 2114 2107 2158 extremam
2137 2114 2362 2159 omittunt
2380 2114 2566 2172 saepius

1562 2184 1766 2229 technici
1814 2184 2112 2241 posteriores.
2186 2184 2362 2229 latinus
2405 2187 2565 2229 autem

1562 2255 1642 2300 ille
1687 2255 2067 2312 technographus
2104 2255 2363 2311 (Remmius
2400 2255 2564 2301 Palae·

1562 2327 1743 2384 mon?)‚
1797 2339 1854 2370 ex
1903 2325 2034 2371 cuius
2079 2327 2180 2371 arte
2225 2339 2283 2372 ea.
2327 2326 2566 2372 doctrinae

1565 2397 1875 2454 Dionysiana-e
1921 2397 2072 2441 frusta
2101 2397 2259 2442 omnia
2295 2399 2379 2442 aut
2415 2397 2567 2454 plera-

1564 2483 1655 2524 que
1696 2469 1822 2513 certe
1862 2467 2119 2512 derivanda
2150 2469 2256 2512 sunt
2286 2482 2406 2526 quae
2439 2469 2566 2526 apud

1563 2539 1839 2583 Dositheum
1879 2539 2156 2584 Diomedem
2188 2538 2448 2584 Charisium
2477 2539 2568 2584 Do-

1562 2612 1724 2654 natum
1763 2610 1881 2654 alios
1917 2609 2188 2666 posterioris
2227 2608 2334 2654 aevi
2370 2609 2566 2666 artigra-

1562 2680 1680 2737 phos
1701 2680 1874 2724 latinos
1893 2679 2207 2734 inveniuntur,
2238 2679 2287 2723 in
2307 2679 2462 2725 locum
2482 2694 2564 2725 no·

1563 2750 1699 2794 minis
1745 2753 1810 2796 ὠς
1857 2752 1973 2807 πρός
2012 2765 2056 2794 τι
2095 2751 2286 2805 ἔχοντος
2326 2751 2585 2796 substituit

1561 2822 1831 2878 portentum
1875 2823 1933 2867 ab
1978 2823 2131 2879 Lyceo
2178 2823 2225 2866 et
2256 2823 2368 2867 Stoa
2409 2822 2563 2866 oriun-

1562 2893 1692 2936 dum:
1729 2892 1939 2937 confudit
1979 2894 2103 2938 enim
2134 2893 2451 2938 Aristoteliam
2482 2905 2564 2950 ap-

1559 2964 1867 3020 pellationem
1887 2969 1989 3009 τῶν
2009 2966 2128 3020 πρός
2158 2979 2203 3009 τι
2233 2967 2280 3009 et
2302 2963 2565 3008 Stoicorum

1561 3036 1680 3090 πρός
1724 3034 1770 3079 τί
1808 3050 1913 3080 πως
1944 3037 2115 3091 ἔχοντα
2145 3035 2235 3093 ita,
2275 3036 2329 3080 ut
2358 3035 2565 3080 efficeret

1560 3110 1661 3150 τῶν
1683 3108 1801 3161 πρός
1821 3107 1866 3150 τί
1889 3121 1991 3151 πως
2013 3108 2200 3162 ἔχοντα.
2239 3106 2345 3151 vide
2366 3105 2426 3150 ad
2447 3110 2516 3159 35,
2537 3110 2565 3149 4

1502 3179 1873 3237 προστίθημι.
1911 3179 2038 3223 τινες
2068 3179 2118 3222 δέ
2149 3177 2223 3222 vel
2245 3179 2357 3222 ἔνιοι
2377 3177 2429 3221 δὲ
2449 3189 2562 3232 προ-

1565 3250 1763 3294 ςτιθέαςι
1797 3253 1861 3304 16,
1894 3254 1932 3295 3.
1965 3253 2032 3303 25,
2067 3253 2104 3292 1.
2137 3253 2231 3303 100,
2263 3253 2289 3292 2
2607 3248 2610 3250 ’

1507 3321 1824 3381 προσῳδίαι.
1856 3319 2120 3377 προςῳδίας
2150 3326 2188 3374 6,
2221 3324 2259 3363 7.
2292 3319 2563 3375 προςῳδίαν

1561 3396 1601 3445 5,
1631 3395 1672 3438 4.
1705 3394 1745 3444 6,
1776 3394 1815 3436 6.
1867 3390 2155 3448 *προςῳδίαι
2188 3394 2283 3445 105,
2314 3395 2353 3434 3.
2395 3394 2488 3445 107,
2524 3394 2562 3437 1.

1564 3461 1830 3518 προςῳδίας
1869 3461 2188 3506 definitionem
2216 3460 2562 3506 Herodianeam

1558 3532 1666 3576 vide
1697 3531 1744 3575 in
1775 3531 1933 3579 adnot.
1965 3531 2025 3576 ad
2064 3537 2169 3587 105,
2200 3537 2240 3576 3.
2289 3531 2342 3575 In
2372 3530 2560 3589 supple—

1558 3603 1717 3647 mento
1739 3604 1845 3658 περὶ
1867 3604 2145 3660 προςῳδιῶν
2166 3602 2253 3647 hoc
2273 3600 2461 3647 nomine
2481 3615 2562 3659 ap·

1557 3672 1792 3730 pellantur
1807 3687 1899 3718 non
1916 3673 2066 3717 solum
2086 3674 2220 3718 τόνοι
2241 3674 2401 3729 χρόνοι
2421 3673 2560 3718 πνεύ-

1562 3758 1698 3799 ματα,
1731 3743 1813 3788 sed
1835 3744 1991 3798 etiam,
2015 3757 2135 3799 quae
2158 3743 2353 3801 speciali
2371 3742 2559 3788 nomine

1557 3816 1682 3870 πάθη
1727 3814 2047 3870 nominantur,
2090 3816 2391 3871 ἀπόςτροφος
2435 3813 2560 3869 ὑφέν

1556 3886 1872 3940 ὑποδιαςτολή
1887 3920 1898 3940 ,
1922 3885 1990 3930 ita
2010 3887 2063 3930 ut
2083 3885 2345 3942 προςῳδίας
2365 3883 2557 3928 notione

1558 3956 1712 3999 omnia
1742 3957 2195 4013 comprehendantur
2219 3968 2345 4012 quae
2373 3955 2423 3998 in
2452 3968 2558 4012 pro-

1557 4026 1828 4070 nuntiandis
1850 4027 2041 4072 vocibus
2061 4028 2250 4085 praeter
2270 4039 2326 4071 ea
2345 4038 2465 4082 quae
2481 4025 2556 4069 lita

1558 4096 1669 4142 teris
1691 4098 2011 4154 exprimuntur
2031 4096 2322 4143 observanda
2338 4094 2468 4142 sunt:
2488 4096 2556 4140 te·-
