2808 4394
378 271 477 322 192
885 268 1351 314 COMPLECTENDI
1374 295 1427 300 -
1449 268 2026 314 DEMONSTR-ATIVVM

433 395 642 439 nominat
663 397 1031 449 ευμπλεκτικοὺ(
1049 397 1346 450 (υνδέεμουεε
1371 395 1432 439 ad

429 470 497 519 88,
529 471 554 509 3
1102 521 1105 524 ,

372 536 743 590 completivae
789 537 1150 580 coniunctiones:
1209 537 1316 580 vide
1363 535 1430 579 in-

429 606 581 649 dicem
604 620 825 661 graecum
843 607 926 650 sub
945 609 1430 663 παραπληρωματικοὶ

371 677 686 731 composita
714 678 866 733 flaura
897 677 1135 720 nominum
1158 684 1225 731 29,
1249 684 1295 731 53
1328 691 1429 722 ver-

427 747 592 790 borum
623 752 692 802 50,
723 753 771 800 33
810 749 1139 803 pronominum
1170 753 1238 803 68,
1274 754 1319 802 1;
1352 749 1432 791 ad·

427 817 698 862 verbiorum
738 823 811 871 73,
848 824 883 862 1.
945 819 1311 876 compositorum
1349 832 1430 862 no—

427 888 604 931 minum
637 889 813 944 species
843 891 1066 944 quattuor
1095 896 1164 946 30,
1206 894 1311 933 1-4

370 959 706 1013 compositio
744 961 1166 1015 praepositionum:
1213 966 1286 1015 70,
1317 967 1343 1005 3
1385 961 1433 1005 et

428 1030 588 1074 adnot.

370 1101 887 1155 comprehensivum
909 1115 1073 1146 nomen
1091 1109 1432 1157 l.=itepteic·tt-

427 1173 514 1215 κὸν
546 1173 712 1228 ὄνομα,
744 1178 783 1216 2.
806 1193 861 1211 =
883 1174 1246 1230 περιληπτικόντ
1280 1173 1340 1216 ad
1360 1177 1429 1227 42,

431 1247 467 1284 1.
501 1247 571 1295 40,
604 1247 632 1285 4

370 1313 810 1357 condicionales
841 1328 957 1369 quas
987 1327 1072 1357 nos
1102 1314 1298 1357 dicimus
1328 1326 1430 1358 con-

423 1383 682 1427 iunctiones
711 1383 767 1428 D.
799 1388 1101 1429 ευναπτικῶν
1130 1384 1317 1428 nomine
1349 1398 1429 1440 ap—

425 1453 591 1509 pellat,
622 1453 887 1498 Priscianus
918 1456 1261 1500 continuativas
1281 1455 1428 1498 nomi-

423 1525 519 1578 nat,
550 1525 691 1581 pauci
721 1525 982 1583 artigraphi
1010 1526 1146 1570 latini
1178 1526 1432 1570 dubitandi

428 1595 519 1637 vim
566 1595 742 1639 habere
789 1595 971 1651 dieunt,
1016 1596 1230 1652 plerique
1270 1610 1429 1641 causa-

424 1666 540 1709 lium
579 1666 715 1709 classi
752 1666 988 1711 tribuunt:
1032 1668 1093 1710 ad
1124 1673 1200 1719 91,
1234 1673 1272 1715 2,
1334 1667 1429 1711 Me·

423 1737 621 1781 lanthon
652 1737 1092 1794 interpretationem
1114 1737 1429 1782 Priscianeam

423 1808 698 1864 assumpsit:
730 1809 945 1865 Append.
980 1824 1010 1865 p
1045 1814 1110 1863 13,
1140 1814 1194 1852 42

366 1878 736 1932 confirmatio
748 1894 778 1922 a
799 1880 1016 1924 adverbia
1032 1879 1108 1923 vel
1125 1880 1433 1935 confirmandi

425 1950 502 1994 vel
530 1950 819 2006 adfirmandi
838 1972 893 1987 =
911 1952 1208 2007 ἐπιρρήματα
1240 1952 1431 2005 βεβαιώ-

425 2035 562 2066 (εωεε
596 2021 656 2064 ad
687 2026 756 2077 85,
792 2027 827 2065 1.
888 2022 1100 2078 Append.
1131 2037 1162 2078 p
1195 2027 1262 2074 27,
1297 2026 1431 2064 1—17

431 2093 574 2146 atque
606 2106 636 2147 p
668 2095 694 2135 8
726 2094 775 2136 et
806 2098 847 2147 9,
878 2097 932 2136 50

366 2177 389 2206 e
404 2176 694 2221 onyreyan
705 2163 764 2206 oli
792 2164 1013 2207 adverbia
1032 2184 1088 2199 =
1109 2164 1254 2218 ἑπιρρ.
1277 2162 1433 2218 depol·

425 2249 562 2280 cewc:
595 2234 654 2278 ad
685 2239 755 2288 81,
787 2239 828 2278 1.
859 2239 929 2290 84,
962 2240 1002 2278 3.
1060 2233 1277 2290 Append.
1305 2248 1337 2290 p
1361 2238 1430 2288 25,

423 2311 606 2350 28—39
638 2306 782 2361 atque
813 2320 843 2361 p
876 2310 901 2348 8
933 2309 982 2349 et
1012 2310 1053 2359 9,
1090 2310 1140 2348 10

365 2377 827 2433 coniuyationes,
845 2377 1061 2431 ευΖυγίαι,
1081 2376 1330 2420 verborum
1348 2375 1427 2418 ba-

422 2449 695 2502 rytonorum
721 2461 802 2491 sex
824 2447 921 2501 (vel
943 2448 1143 2504 septem)
1166 2448 1286 2501 sunt,
1318 2459 1424 2490 con-

421 2519 680 2562 tractorum
698 2521 808 2574 tres,
833 2517 880 2560 in
896 2522 945 2572 ffi
962 2517 1277 2561 desinentium
1294 2518 1425 2571 quat-

421 2589 548 2632 tuor:
581 2594 651 2643 53,
676 2594 828 2640 6-59,
866 2595 930 2633 10.
981 2588 1037 2631 de
1059 2587 1196 2631 latini
1225 2586 1428 2632 nominis

423 2674 507 2703 usu
539 2660 647 2704 vide
672 2659 1002 2704 CEASchmidt
1022 2658 1270 2715 Beitraege
1291 2673 1322 2715 p
1345 2663 1427 2702 363

425 2734 562 2774 -365

366 2802 702 2846 coniunctio
724 2801 946 2846 definitur
966 2805 1034 2854 86,
1057 2806 1104 2851 3;
1129 2799 1307 2857 species
1330 2799 1427 2844 eius

421 2874 724 2916 recensentur
745 2878 814 2926 87,
836 2878 856 2915 1
876 2878 1014 2926 7-100,
1037 2877 1074 2915 2.
1110 2871 1427 2915 definitionem

422 2943 659 2999 Apollonii
697 2942 887 3000 Dyscoli
925 2943 1031 2986 vide
1068 2942 1115 2984 in
1156 2957 1223 2998 gr.
1264 2941 1358 2989 ind.
1394 2959 1428 2987 s,

423 3015 674 3068 (ύνδεεμοε

365 3086 774 3131 coniunctivus
802 3086 986 3141 modus,
1026 3086 1319 3142 ὑποτακτικὴ
1353 3087 1428 3139 ἔγ-

422 3162 581 3203 κλιειε;
623 3163 691 3212 47,
724 3163 764 3203 3.
821 3159 940 3202 haec
983 3157 1240 3213 appellatio
1279 3156 1429 3200 latina

1533 395 1766 439 invenitur
1796 411 1834 444 e,
1865 411 1910 452 g.
1942 395 2068 451 apud
2100 395 2358 439 Charisium
2390 395 2410 437 I
2436 398 2534 450 1698

1536 471 1637 522 1682
1668 466 1904 510 Donatum
1939 466 2006 510 IV
2039 471 2140 521 3599
2180 470 2300 521 3812o
2328 465 2532 509 Probum

1534 537 1601 580 IV
1634 541 1733 591 1562
1784 536 2083 581 Consentium
2121 535 2164 579 V
2196 540 2314 591 374,⁷
2358 535 2534 580 Macro-

1533 606 1662 650 bium
1684 607 1722 650 V
1746 612 1864 663 63429
1895 607 2169 650 Dositheum
2197 605 2281 649 Vll
2303 610 2406 662 4066
2437 605 2535 660 (qui

1533 677 1669 722 addit
1708 691 1928 733 graecam
1967 677 2403 734 interpretationem
2434 692 2535 721 cuv-

1533 750 1805 804 Ζευκτικόε).
1895 748 2214 793 subiunctivus
2272 747 2536 803 appellatur

1535 819 1710 863 Charis.
1744 819 1765 863 I
1799 824 1897 875 1698
1937 818 2150 865 Diomed.
2182 818 2204 861 I
2236 820 2355 873 338,5
2392 816 2534 862 Prisc.
2596 811 2601 817 ’

1533 890 1574 932 Π
1605 893 1723 945 421„
1755 889 1823 932 ΙΙΙ
1853 894 1956 944 2414

1478 958 1852 1013 Consentius,
1899 959 2197 1017 artigraphus
2234 959 2428 1003 latinus:
2475 958 2536 1002 ad

1535 1036 1601 1084 27,
1634 1035 1759 1075 3—5.
1792 1036 1860 1084 28,
1891 1037 1930 1077 3.
1963 1035 2179 1085 30,1—4.
2213 1036 2281 1086 31,
2305 1036 2432 1075 2-3.
2465 1035 2533 1084 35,
2554 1036 2570 1066 τ

1533 1101 1660 1148 3bis.
1691 1102 1806 1145 4bis
1838 1101 1903 1157 (in
1932 1116 1963 1157 p
1985 1102 2076 1157 36).
2109 1106 2177 1155 36,
2202 1108 2241 1149 3.
2274 1107 2315 1147 5.
2346 1107 2386 1145 6.
2419 1105 2488 1154 37,
2511 1106 2533 1142 1

1531 1177 1657 1226 -38,
1689 1177 1728 1216 5.
1759 1178 1826 1226 38,
1859 1176 1900 1217 6.
1931 1177 1999 1226 42,
2032 1179 2070 1216 3.
2104 1177 2175 1227 43,
2209 1180 2227 1216 1
2262 1174 2311 1216 et
2331 1178 2369 1220 2.
2404 1176 2472 1225 44,
2500 1179 2534 1214 1.

1533 1247 1572 1286 2.
1605 1248 1643 1287 3.
1676 1247 1716 1290 4.
1747 1247 1816 1296 46,
1837 1248 1962 1288 4—5.
1995 1248 2064 1296 47,
2089 1249 2199 1288 3—4
2222 1245 2270 1300 (p
2291 1245 2384 1299 48).
2418 1247 2485 1296 51,
2507 1246 2535 1284 4

1532 1319 1616 1358 —5
1649 1316 1695 1368 (p
1718 1319 1801 1363 52).
1847 1326 1968 1368 quae
2000 1314 2058 1357 de
2088 1315 2327 1358 nominum
2359 1311 2535 1370 specie-

1530 1386 1616 1427 bus
1648 1383 1800 1436 docet,
1834 1383 2092 1440 composita
2128 1386 2238 1428 sunt
2267 1399 2369 1428 cum
2399 1396 2534 1440 prae-

1532 1455 1680 1511 ceptis
1717 1454 2011 1510 Dionysianis
2056 1457 2105 1499 et
2149 1456 2345 1499 aliorum
2382 1467 2535 1510 gram-

1530 1525 1809 1569 maticorum
1841 1525 2095 1570 latinorum
2127 1526 2341 1583 Append.
2364 1541 2396 1582 p
2423 1531 2534 1569 29-
2556 1521 2559 1523 ’

1532 1602 1586 1641 36

1475 1671 1853 1713 consonantes
1892 1668 2073 1711 litterae
2118 1667 2447 1711 describuntur
2487 1669 2535 1711 et

1531 1739 1579 1782 in
1610 1739 1783 1783 classes
1816 1738 2161 1782 distribuuntur
2196 1743 2260 1794 11,
2296 1742 2447 1792 1—14,
2479 1743 2505 1781 9

1476 1810 1922 1854 continuativae
1978 1809 2321 1854 coniunctiones
2365 1823 2394 1853 a
2437 1807 2535 1852 Pri-

1533 1881 1690 1925 sciano
1721 1880 2021 1924 nominantur
2042 1881 2284 1934 εύνδεεμοι
2316 1894 2532 1925 ευναπτι·

1533 1953 1627 1996 κοίε
1659 1952 1720 1996 ad
1751 1957 1819 2006 91,
1851 1957 1874 1994 2

1476 2023 1845 2080 copulativae
1875 2022 2229 2066 coniunctiones.
2289 2021 2425 2065 huius
2445 2035 2529 2066 no-

1534 2094 1670 2137 minis
1708 2094 1918 2149 potestas
1957 2093 2099 2137 latius
2129 2094 2264 2149 patet
2293 2092 2420 2149 apud
2450 2106 2530 2136 an-

1534 2164 1691 2221 tiquos
1715 2164 2010 2221 artigraphos
2041 2163 2213 2207 latinos
2243 2177 2383 2220 quam
2407 2163 2533 2221 apud

1533 2234 1816 2279 recentiores
1846 2235 2192 2291 grammaticos.
2248 2235 2418 2279 etenim
2450 2248 2534 2279 nos

1534 2309 1575 2349 et
1621 2319 1707 2362 que
1752 2319 1807 2350 ac
1844 2320 1927 2350 nee
1965 2304 2282 2361 copulativam
2326 2305 2419 2348 vim
2453 2304 2533 2349 ha·
2600 2314 2618 2351 ’,

1532 2377 1646 2421 bere
1692 2376 1908 2430 dicimus,
1963 2379 2146 2421 veteres
2202 2375 2352 2419 eidem
2399 2375 2536 2420 classi

1530 2447 1803 2492 adscribunt
1832 2448 2017 2505 quidem
2046 2451 2199 2491 autem
2228 2459 2333 2491 vero
2361 2447 2439 2492 sed
2467 2450 2532 2491 at.

1531 2532 1587 2562 ex
1618 2519 1776 2563 nostro
1809 2534 1893 2562 usu
1924 2518 2218 2575 copulativae
2250 2517 2536 2574 respondent

1531 2590 1813 2633 Graecorum
1891 2590 2195 2644 ἀθροιετικοῖε
2270 2589 2533 2643 ευνδέεμοιε
2570 2635 2583 2648 ‚

1531 2661 1655 2716 (vide
1687 2662 1967 2717 ἀθροιετικοὶ
2003 2659 2051 2702 in
2081 2673 2151 2715 gr.
2182 2659 2326 2715 ind),
2367 2672 2424 2702 ex
2455 2672 2533 2702 an-

1529 2732 1663 2786 tiquo
1697 2735 2075 2786 ευμπλεκτικοῑεε
2116 2729 2175 2773 ad
2205 2733 2275 2783 88,
2308 2735 2348 2774 3.
2393 2734 2463 2782 89,
2496 2734 2532 2772 1.

1532 2801 1808 2846 Melanthon
1868 2801 2113 2857 antiquum
2164 2814 2299 2844 usum
2348 2799 2533 2844 secutus

1531 2875 1624 2917 est:
1656 2873 1871 2930 Append.
1903 2887 1933 2928 p
1969 2877 2034 2926 13,
2067 2875 2120 2915 26

1473 2957 1496 2988 c
1505 2956 1530 2987 o
1540 2958 1565 2987 r
1573 2958 1599 2987 r
1608 2958 1630 2988 e
1632 2957 1668 3000 p
1678 2949 1696 2988 t
1706 2945 1725 2987 i
1734 2957 1760 2988 o
1775 2944 2006 2989 vocalium
2023 2943 2293 2998 ancipitum,
2311 2941 2507 2998 ευετολή
2519 2955 2529 2985 :

1533 3020 1597 3067 10,
1631 3019 1670 3059 3.
1707 3020 1771 3069 18,
1804 3019 1844 3058 4.
1883 3019 1951 3069 20,
1975 3019 2014 3058 2.
2056 3019 2184 3068 21,1.
2237 3014 2306 3057 cfr
2334 3012 2429 3057 ind.
2459 3025 2529 3068 gr.

1531 3086 1615 3129 sub
1649 3086 1974 3141 βραχυνόμενα

1473 3155 1724 3211 Cramer,
1755 3156 1797 3200 J.
1833 3156 1918 3199 A.:
1949 3155 2142 3200 XXXVI
2174 3161 2224 3198 21

1426 3329 1485 3390 D

367 3442 555 3486 dativi
585 3454 718 3486 casus
747 3442 957 3484 nomina:
989 3445 1059 3494 31,
1092 3445 1115 3484 7
1149 3442 1196 3483 et
1226 3440 1331 3487 adn,

366 3510 1425 3557 DavidNerkinensisLXXII30.LXX1H7

366 3583 755 3639 decomposita
822 3583 996 3638 figura,

423 3659 594 3710 εχῆμα,
627 3653 864 3697 nominum
896 3657 963 3707 29,
996 3658 1142 3706 5--7;
1175 3653 1424 3696 verborum

421 3729 490 3779 50,
523 3730 678 3780 3-51,
718 3730 734 3767 1

366 3795 655 3839 definitio.
724 3794 974 3838 Tractatus
1024 3796 1130 3848 περὶ
1181 3795 1293 3849 ὅρου
1344 3793 1425 3847 qui

421 3880 668 3923 perperam
711 3864 960 3908 Theodosii
1005 3865 1192 3907 nomine
1234 3866 1425 3907 ornatus

422 3939 515 3980 est:
547 3935 699 3979 XXIV
735 3942 771 3979 1.
802 3934 970 3978 XLVII
1002 3939 1068 3978 32.
1100 3933 1180 3977 LV
1206 3941 1249 3977 11

366 4008 716 4061 definitivus
746 4006 908 4049 modus
937 4019 981 4048 v.
1015 4005 1303 4049 indicativus

366 4079 732 4123 dehortativa
782 4077 1002 4121 adverbia
1040 4097 1094 4112 =
1132 4077 1425 4131 ἐπιρρήματα

1070 3584 1426 3636 παραεύνθετον
1443 3622 1445 3624 ,

1529 3442 1892 3496 ἀπαγορεύεεωε
1939 3439 2063 3495 apud
2109 3437 2423 3482 Priscianum:
2470 3437 2530 3481 ad

1513 3516 1597 3567 ¹79,
1634 3518 1670 3554 1.
1723 3511 1791 3555 cfr
1820 3510 2035 3568 Append.
2066 3524 2097 3565 p
2129 3514 2196 3563 24,
2224 3513 2357 3552 1--16
2388 3509 2528 3563 atque

1527 3596 1558 3637 p
1591 3587 1615 3625 6
1647 3583 1696 3626 et
1727 3587 1764 3633 7,
1796 3587 1851 3626 39

1471 3653 1800 3698 Demetrius
1830 3649 2067 3696 Chlorus
2107 3652 2357 3696 emendare
2388 3663 2525 3694 cona-

1525 3725 1602 3767 tus
1624 3725 1697 3768 est
1717 3724 2052 3780 grammaticae
2076 3723 2397 3767 definitionem
2417 3721 2526 3765 Dio-

1526 3795 1789 3850 nysianam:
1822 3794 1882 3837 ad
1913 3800 1950 3847 5,
1982 3800 2008 3838 3

1471 3865 1903 3911 demonstrandi
1939 3865 2181 3919 adverbia,
2229 3863 2526 3918 ἐπιρρήματα

1526 3937 1751 3982 δεικτικά;
1786 3937 1846 3979 ad
1876 3941 1947 3990 85,
1980 3941 2018 3982 1.
2068 3934 2282 3991 Append.
2314 3947 2346 3989 p
2377 3935 2445 3985 27,
2471 3935 2525 3974 35

1471 4008 1978 4052 demonstrativum
1999 4018 2162 4050 nomen
2182 4004 2308 4061 apud
2331 4003 2523 4048 Priscia-

1526 4093 1657 4122 num:
1689 4077 1749 4121 ad.
1779 4082 1848 4132 40,
1882 4081 1987 4119 1-2
