2808 4394
481 252 569 297 DE
598 251 1126 328 ADVERBIORVM
1158 252 1546 298 SPECIEBVS
1579 254 1664 297 DE
1696 255 2243 302 CONIVNCTIONE
2387 259 2452 311 87

131 396 275 436 9642»
440 381 560 434 Τῶν
599 382 659 434 δὲ
696 380 998 448 ςυνδὲςμων
1039 381 1091 435 οἱ
1126 381 1223 448 μέν
1262 382 1354 436 εἰςι
1394 385 1781 451 ςυμπλεκτικοί,
1821 384 1873 438 οἱ
1909 386 1968 438 δὲ
2006 374 2362 452 διαζευκτικοί,
2402 386 2454 439 οἱ

301 575 669 633 [macariani
705 592 986 622 somn-vnn:
1019 593 1066 621 m
1097 576 1578 634 MLGBTVHAfb]
1694 579 1721 623 1
1753 579 1833 624 είςι
1864 592 1940 623 om
1971 579 2009 623 Τ

296 788 687 847 [Drscnnmivrun
714 805 769 832 nr
796 804 1075 833 'ras'rmonu
1100 803 1336 836 scnomon.
1357 793 1483 844 (Σσ)
1510 803 1815 834 enormium
1831 791 1914 845 (E)
1939 805 2135 834 Amonvn
2152 794 2448 850 scmrronvn]

293 862 458 914 δεςμος
497 885 549 892 -
588 860 813 916 δηλοῦςα]
853 859 968 903 haec
1007 859 1152 903 verba
1188 860 1421 904 testantur
1458 860 1524 904 ΣΙ
1564 861 1673 904 ante
1711 865 1833 915 952,ο
1870 865 1920 905 Σ
1946 865 2128 918 952,,,,,,
2166 866 2284 918 953„
2323 863 2449 919 (Hel)

277 941 330 975 ·σ
359 934 434 975 Eg
472 930 873 975 Pseudochoerob.
911 935 998 985 19,ὃ
1035 942 1088 974 ac
1127 931 1379 974 maximam
1418 931 1602 987 partem
1641 930 1783 975 etiam
1821 936 1871 975 Σ
1897 935 1999 985 9544
2032 931 2188 986 (Mel),
2229 947 2314 977 nec
2352 933 2452 977 ulla

294 1000 611 1057 discrepantia
641 1014 696 1043 ex
716 1000 789 1044 his
818 999 1018 1044 testibus
1048 999 1320 1043 adnotanda
1340 1002 1412 1044 est
1440 1001 1529 1044 nisi
1558 1001 1689 1055 haec,
1722 1002 2060 1045 vetustissimos
2082 1003 2450 1047 commentarioli

293 1071 490 1125 codices,
521 1073 586 1116 σΜ
617 1072 699 1124 0¹⁴,
729 1070 957 1126 praebere
989 1069 1186 1114 eandem
1209 1070 1522 1127 corruptelam
1554 1084 1695 1127 quam
1725 1070 1950 1115 exhibent
1978 1071 2171 1116 technes
2200 1073 2307 1116 libri
2339 1073 2448 1118 GB:

293 1143 466 1186 λέξεως
504 1154 589 1198 pro
629 1142 818 1186 τάξεως.
879 1139 1159 1184 Heliodorus
1197 1143 1271 1184 καὶ
1303 1143 1360 1186 τὸ
1391 1145 1476 1196 τῆς
1516 1141 1761 1197 ἑρμηνείας
1799 1144 1998 1198 κεχηνὸς
2035 1144 2239 1198 δηλοῡςα
2274 1144 2341 1187 ita
2371 1157 2448 1188 ex-

289 1210 475 1267 planat:
506 1212 654 1255 τοῡτό
685 1224 795 1266 φηςι
825 1212 899 1255 διὰ
928 1211 1041 1255 τοὺς
1070 1212 1415 1256 διαζευκτικοὺς
1446 1212 1744 1265 ςυνδέςμους·
1782 1213 1953 1257 ἐκεῖνοι
1988 1214 2076 1269 γὰρ
2107 1215 2164 1257 τὸ
2194 1218 2280 1269 τῆς
2313 1216 2447 1270 ἑρμη-

289 1283 433 1335 νείας,
454 1283 480 1326 ὅ
511 1282 607 1326 έςτι
626 1282 684 1325 τὸ
710 1285 795 1336 τῆς
825 1282 1044 1335 διανοίας,
1067 1283 1391 1336 διεζευγμένον
1412 1284 1487 1326 καὶ
1518 1283 1756 1338 διεςτηκὸς
1778 1285 1980 1339 δηλοῦςι.
2021 1286 2070 1328 E
2078 1292 2094 1311 '
2116 1296 2192 1327 om
2214 1283 2446 1329 definitio-

289 1364 419 1404 nem:
459 1354 536 1397 Eb
567 1354 634 1396 Et
665 1364 774 1395 vero
818 1351 1061 1408 praebent·
1092 1351 1222 1396 illam
1265 1351 1334 1397 ita
1371 1351 1689 1396 emendatam:
1738 1354 1857 1399 λέξις
1905 1355 2156 1399 ςυνδέουςα
2194 1355 2263 1399 τὰ
2303 1355 2447 1399 ἄλλα

289 1423 427 1477 μέρη
468 1426 570 1466 τοῦ
614 1423 790 1475 λόγου
836 1422 931 1467 εἰς
970 1422 1177 1466 διάνοιαν
1225 1424 1341 1475 μετὰ
1379 1423 1559 1468 τάξεως
1598 1426 1673 1467 καὶ
1719 1426 1777 1468 τὸ
1816 1429 1901 1478 τῆς
1956 1425 2201 1481 ἑρμηνείας
2247 1427 2446 1481 κεχηνὸς

288 1494 582 1548 πληροῡςα
613 1491 786 1548 (Wald.
809 1493 917 1536 ante
947 1493 1008 1537 τὰ
1039 1494 1158 1537 ἄλλα
1188 1492 1282 1537 add
1303 1494 1446 1537 etiam
1478 1494 1666 1550 πάντα).
1708 1507 1904 1550 quarum
1923 1495 2261 1540 correctionum
2294 1495 2447 1540 altera

287 1563 428 1618 (quae
460 1575 517 1606 ex
546 1564 622 1607 Eb
653 1563 702 1606 in
733 1562 1022 1619 archetypon
1060 1563 1346 1608 deteriorum
1384 1563 1498 1607 artis
1529 1563 1742 1607 codicum
1771 1566 1963 1622 recepta
1993 1566 2083 1619 est)
2114 1565 2447 1622 Moschopulus

286 1632 474 1677 videtur
503 1633 760 1677 restituisse
789 1632 839 1676 id
870 1632 998 1688 quod
1018 1633 1270 1689 Dionysius
1300 1633 1500 1690 scripsit:
1534 1634 1690 1690 priore
1711 1634 1837 1678 haud
1859 1634 1999 1679 dubie
2031 1636 2234 1680 correxit
2252 1636 2446 1681 techno-

286 1702 518 1759 graphum
556 1703 726 1759 ipsum.
784 1703 911 1759 quod
947 1703 1096 1747 multo
1138 1705 1248 1748 ante
1286 1707 1380 1747 iam
1411 1703 1602 1760 Trypho
1641 1704 1795 1748 facere
1827 1707 2022 1749 conatus
2053 1709 2124 1750 est
2154 1707 2274 1750 teste
2305 1706 2445 1762 Apol-

284 1772 411 1816 lonio
441 1772 499 1817 de
531 1773 634 1820 adv.
665 1788 696 1830 p
729 1773 899 1828 515113.
932 1778 1052 1830 247„
1082 1773 1247 1818 Schn.:
1288 1776 1414 1829 παρὰ
1453 1779 1553 1819 τοῖς
1599 1776 1833 1820 πλείςτοις
1874 1777 1968 1820 ἑςτί
2007 1778 2266 1833 πρόληψις,
2306 1779 2372 1823 ὡς
2402 1778 2448 1822 οἱ

285 1844 567 1896 καλούμενοι
605 1846 1092 1899 παραπληρωματικοὶ
1131 1845 1357 1901 ςημαςίαν
1394 1847 1498 1890 τινὰ
1531 1848 1586 1891 οὐ
1618 1850 1880 1891 ποιοῦνται.
1940 1848 1967 1891 ό
1997 1851 2116 1900 γοῦν
2146 1849 2358 1903 Τρύφων
2397 1849 2448 1892 έν

282 1918 353 1970 τῷ
385 1915 485 1970 ὅρῳ
518 1915 804 1970 βουλόμενος
837 1917 911 1959 καὶ
942 1916 1117 1960 αὐτοὺς
1147 1915 1476 1970 ἐμπεριλαβεῖν
1506 1920 1620 1973 φηςὶ
1649 1919 1753 1962 <<καὶ
1773 1918 1832 1961 τὸ
1863 1919 2061 1973 κεχηνὸς
2082 1921 2167 1972 τῆς
2199 1918 2443 1974 ἑρμηνείας

283 1986 406 2030 ἔςτιν
445 1986 567 2029 ὅπου
607 1988 985 2041 παραπληρῶν»,
1027 1985 1246 2031 ἀπείκαςε
1287 1987 1338 2030 δὲ
1377 1989 1453 2031 καὶ
1491 1990 1642 2033 αὐτὸν
1683 1988 1734 2043 (1.
1763 1988 1958 2043 αὐτοὺς)
1995 1991 2098 2032 ταῖς
2138 1990 2444 2043 καλουμέναις

283 2057 482 2109 ςτοιβαῑς
528 2058 628 2100 κτλ.
658 2057 752 2099 iam
800 2057 936 2111 patet
980 2055 1361 2114 Tryphonianam
1412 2057 1696 2102 definitionis
1745 2057 2003 2103 clausulam
2053 2072 2110 2102 ex
2158 2057 2445 2114 Dionysiana

282 2128 435 2171 ortam
463 2140 586 2180 esse,
622 2126 718 2170 sive
748 2125 924 2178 Thrax,
956 2129 1010 2169 ut
1045 2126 1161 2169 mihi
1191 2140 1378 2183 quoque
1407 2128 1619 2183 videtur,
1660 2131 1736 2173 καὶ
1765 2130 1823 2173 τὸ
1852 2133 1938 2184 τῆς
1970 2129 2213 2184 ἑρμηνείας
2244 2132 2443 2185 κεχηνὸς

282 2201 521 2253 πληροῠςα
551 2197 738 2254 scripsit
766 2196 864 2241 sive
894 2197 1051 2254 posuit
1080 2199 1299 2253 δηλοῦςα.
1359 2199 1637 2254 Apollonius
1668 2199 1767 2256 ipse
1800 2199 2013 2256 Dionysii
2043 2202 2157 2255 ὅρον
2187 2200 2257 2244 ita
2284 2215 2441 2257 repro-

282 2268 434 2325 bavit,
464 2270 518 2312 ut
546 2281 606 2312 ne
635 2280 721 2323 pro
758 2267 1067 2311 fundamento
1098 2267 1291 2324 quidem
1320 2269 1402 2312 illo
1432 2271 1647 2315 uteretur
1675 2271 1724 2313 in
1762 2271 2088 2315 coniunctione
2121 2270 2441 2326 describenda,

283 2338 367 2383 sed
398 2339 662 2383 Stoicorum
700 2337 1045 2391 definitionem,
1084 2338 1167 2394 qui
1196 2340 1450 2394 ςύνδεςμον
1480 2340 1697 2385 dixerant
1734 2342 1871 2397 μέρος
1902 2342 2047 2395 λόγου
2078 2342 2309 2387 ἄπτωτον
2340 2356 2442 2387 ςυν-

281 2412 396 2454 δοῦν
425 2411 485 2453 τὰ
524 2410 641 2465 μέρη
677 2412 764 2453 τοῦ
806 2409 950 2462 λόγου
982 2407 1152 2460 (Laert.
1191 2409 1275 2453 VII
1309 2413 1335 2465 ξ
1367 2413 1462 2466 58),
1500 2411 1570 2455 ita
1598 2411 1804 2455 mutavit
1832 2412 2080 2468 auxitque,
2122 2414 2174 2457 ut
2203 2412 2439 2457 definiret:

280 2482 531 2534 ςύνδεςμός
569 2480 663 2524 ἑςτι
704 2481 840 2534 μέρος
880 2478 1023 2532 λόγου
1062 2479 1255 2524 ἄκλιτον
1293 2482 1565 2526 ςυνδετικὸν
1603 2487 1703 2526 τῶν
1742 2486 1829 2526 τοῦ
1870 2484 2014 2536 λόγου
2046 2488 2219 2538 μερῶν,
2254 2483 2325 2528 οἷς
2364 2486 2440 2527 καὶ

280 2551 590 2606 ςυςςημαίνει,
628 2551 658 2604 ἢ
689 2550 820 2595 τάξιν
851 2550 880 2603 ἢ
912 2550 1108 2603 δύναμιν
1146 2555 1402 2606 παριςτῶν,
1434 2552 1492 2595 ab
1524 2550 1749 2608 Dionysio
1787 2551 1905 2595 nihil
1941 2552 2032 2596 nisi
2060 2554 2238 2599 τάξεως
2268 2567 2439 2598 nomen

278 2621 534 2665 mutuatus.
594 2619 769 2664 etenim
798 2618 913 2663 haec
944 2618 1110 2676 finitio,
1142 2633 1283 2674 quam
1314 2625 1364 2666 Σ
1390 2626 1494 2676 952⁷
1524 2621 1650 2677 (Hel)
1682 2622 1830 2667 tradit
1857 2623 2135 2680 probatque,
2166 2624 2278 2680 quin
2299 2626 2439 2680 Apol-

277 2691 466 2736 loniana
494 2691 555 2735 sit
583 2703 677 2734 non
708 2689 871 2734 dubito
902 2689 1030 2746 (vide
1059 2690 1298 2747 indicem).
1357 2692 1503 2736 latine
1534 2692 1787 2749 diligenter
1817 2693 2046 2750 expressit
2079 2707 2182 2737 eam
2211 2694 2353 2739 Prisc.
2374 2694 2441 2738 111

278 2767 375 2819 932:
406 2761 669 2807 coniwnctio
689 2764 752 2806 est
774 2774 894 2816 pars
922 2773 988 2805 or.
1009 2761 1370 2815 indeclinabilis,
1400 2764 1697 2807 coniunctiva
1726 2764 1932 2808 aliarum
1954 2767 2169 2820 partiam
2198 2765 2441 2819 orationis,

278 2833 444 2890 qwibas
479 2832 820 2889 consignificat,
859 2831 951 2875 vim
989 2832 1059 2875 vel
1094 2832 1436 2878 ordinationem
1474 2835 1806 2882 demonstrans,
1869 2848 1923 2877 ac
1961 2848 2107 2891 prope
2154 2835 2338 2880 accedit
2380 2836 2440 2880 ad

278 2902 641 2960 Apollonianam
672 2915 729 2946 ea
758 2915 945 2958 quoque
985 2901 1240 2958 descriptio
1281 2916 1425 2960 quam
1454 2904 1707 2949 Diomedes
1737 2905 1758 2948 Ι
1787 2910 1907 2962 415„
1936 2906 2136 2961 profert:
2176 2906 2439 2951 coniwnctio

278 2978 343 3018 est
365 2986 481 3029 pars
510 2986 576 3017 or.
608 2972 954 3018 indeclinabilis
981 2973 1205 3028 copulans
1232 2987 1479 3020 sermonem
1509 2981 1551 3020 et
1591 2976 1872 3032 conianyens
1898 2978 1991 3020 vim
2022 2980 2062 3020 et
2092 2977 2301 3022 ordinem
2323 2990 2437 3033 par—

278 3044 398 3088 tiam
447 3043 692 3099 orationis,
745 3043 828 3086 ubi
871 3044 1152 3101 coniunqens
1194 3045 1494 3103 participium
1539 3045 1728 3090 videtur
1771 3045 1833 3090 ad
1881 3047 2102 3103 copulans
2149 3046 2437 3103 adscriptum

276 3115 442 3171 fuisse,
482 3114 652 3158 deinde
681 3114 731 3157 in
761 3114 1010 3158 verborum
1042 3115 1313 3159 contextum
1350 3116 1570 3172 inrepens
1607 3115 1711 3159 loco
1742 3116 1978 3172 depulisse
2011 3117 2329 3163 demonstrans
2358 3131 2436 3162 vo·

277 3198 393 3229 cem.
453 3184 608 3230 Ceteri
637 3185 935 3241 grammatici
963 3185 1100 3230 latini
1129 3199 1232 3231 eam
1263 3186 1523 3231 finitionem
1553 3186 1778 3230 exhibent
1807 3201 1947 3242 quam
1968 3187 2300 3232 Palaemonem
2328 3201 2435 3246 pro-

276 3255 486 3312 posuisse
525 3270 582 3300 ex
620 3255 786 3300 eodem
824 3256 1061 3302 Diomedis
1104 3258 1207 3302 loco
1254 3256 1491 3302 discimus:
1538 3258 1800 3302 coniunctio
1838 3263 1901 3302 est
1939 3271 2057 3314 pars
2092 3259 2320 3304 orationis
2366 3272 2434 3305 co-

275 3331 458 3372 nectens
477 3327 792 3383 ordinansque
820 3329 1106 3382 sententiam,
1126 3349 1182 3366 =
1202 3328 1344 3372 Prisc.
1364 3328 1523 3384 partit.
1543 3327 1631 3372 XII
1659 3341 1777 3372 vers.
1798 3329 1912 3375 Aen.
1936 3328 2003 3372 III
2032 3333 2176 3387 46:5⁸8:
2207 3350 2262 3367 =
2285 3328 2434 3375 Comi-

276 3397 400 3442 nian.
439 3399 566 3454 apud
611 3398 784 3443 Charis.
820 3399 841 3441 I
871 3403 993 3454 2242,¹
1036 3399 1218 3443 Dosith.
1250 3399 1337 3442 VII
1368 3405 1489 3456 417„
1533 3399 1654 3446 Aud.
1686 3398 1771 3442 VII
1810 3404 1931 3454 3491„
1969 3399 2146 3458 [Probi]
2189 3400 2336 3445 instit.
2368 3401 2434 3445 IV

279 3472 397 3524 14324
428 3467 693 3526 [victorin]
724 3469 790 3512 VI
821 3474 940 3525 2022,
978 3470 1085 3525 (nisi
1123 3470 1250 3526 quod
1287 3470 1337 3512 hi
1374 3471 1580 3527 quinque
1618 3474 1799 3514 nectens
1836 3469 2041 3526 dicunt);
2074 3491 2130 3509 =
2167 3470 2336 3519 Donat.
2366 3471 2432 3515 IV

276 3542 397 3595 364„
427 3543 548 3594 38828
579 3538 766 3584 Sacerd.
797 3539 863 3583 VI
892 3546 1014 3596 444„
1051 3540 1160 3598 (nisi
1197 3540 1325 3596 quod
1353 3541 1402 3584 hi
1440 3541 1532 3584 duo
1570 3540 1818 3586 adnectens
1853 3541 2064 3596 habent).
2123 3542 2242 3585 hanc
2273 3543 2431 3586 autem

275 3608 570 3653 Palaemonis
599 3608 918 3654 definitionem
949 3612 1146 3668 apparet
1175 3625 1231 3655 ex
1260 3611 1416 3667 priore
1445 3611 1579 3668 parte
1609 3611 1922 3668 Dionysianae
1952 3611 2122 3656 factam
2154 3626 2255 3657 esse
2417 3613 2432 3668 ΙΙ

275 3679 358 3724 1-
388 3694 419 3736 p
451 3679 530 3732 88,
561 3679 591 3723 2
621 3684 721 3723 τῶν
751 3681 802 3724 δὲ
834 3705 886 3712 -
917 3682 1426 3739 παραπληρωματικοί]
1475 3682 1664 3726 easdem
1708 3682 1812 3726 octo
1857 3684 2037 3739 species
2082 3674 2358 3726 enumerant
2396 3696 2432 3729 σ

276 3753 443 3795 ΕίίζΕν
466 3751 559 3795 Eb.
620 3752 686 3794 Ει
722 3749 815 3793 iam
846 3750 895 3794 in
933 3752 1286 3796 enumeratione
1325 3752 1507 3797 addunt
1552 3754 1967 3807 ἐναντιωματικῶν
2012 3753 2238 3809 speciem,
2287 3767 2429 3809 quam

275 3818 526 3876 Dionysius
561 3820 610 3862 in
649 3819 817 3876 capitis
854 3820 945 3865 fine
982 3822 1163 3879 profert
1192 3824 1244 3867 ut
1275 3823 1333 3867 ab
1365 3822 1490 3877 aliis,
1530 3836 1623 3867 non
1664 3823 1722 3867 ab
1755 3837 1804 3868 se
1842 3822 1944 3880 ipso
1982 3824 2241 3880 probatam.
2302 3822 2431 3868 Gaza

276 3889 485 3934 Lascaris
522 3889 861 3946 Chalcondylas
897 3891 1071 3936 nudam
1108 3893 1509 3937 enumerationem
1537 3906 1631 3937 non
1660 3895 1990 3950 praemittunt,
2029 3893 2111 3937 sed
2148 3893 2309 3937 statim
2340 3894 2429 3938 sin-

276 3959 410 4017 gulas
459 3961 638 4017 species
688 3961 914 4017 exemplis
960 3962 1227 4008 inlustrant.
1301 3963 1446 4007 iidem
1495 3963 1706 4008 adiciunt
1752 3966 1860 4021 post
1906 3967 2428 4020 παραπληρωματικοὺς

275 4031 466 4086 praeter
513 4032 938 4085 ἐναντιωματικοὺς
982 4033 1067 4077 has
1111 4033 1299 4078 classes:
1349 4035 1628 4090 δυνητικούς
1667 4035 1795 4091 (οἷον
1832 4036 1931 4090 ἄν),
1976 4036 2285 4092 διακριτικοὺς
2329 4035 2427 4082 sive
