<?xml version="1.0" encoding="UTF-8"?>
<!DOCTYPE html PUBLIC "-//W3C//DTD XHTML 1.0 Transitional//EN"
    "http://www.w3.org/TR/xhtml1/DTD/xhtml1-transitional.dtd">
<html xmlns="http://www.w3.org/1999/xhtml" xml:lang="en" lang="en">
 <head>
  <title>
</title>
<meta http-equiv="Content-Type" content="text/html;charset=utf-8" />
  <meta name='ocr-system' content='tesseract 3.04.00' />
  <meta name='ocr-capabilities' content='ocr_page ocr_carea ocr_par ocr_line ocrx_word'/>
</head>
<body>
  <div class='ocr_page' id='page_1' title='image "./dionysiithracisa00dionuoft_0244.png"; bbox 0 0 2808 4394; ppageno 0'>
   <div class='ocr_carea' id='block_1_1' title="bbox 406 236 506 288">
    <p class='ocr_par' dir='ltr' id='par_1_1' title="bbox 406 236 506 288">
     <span class='ocr_line' id='line_1_1' title="bbox 406 236 506 288; baseline 0.01 -1"><span class='ocrx_word' id='word_1_1' title='bbox 406 236 506 288; x_wconf 91' lang='grc'>144</span> 
     </span>
    </p>
   </div>
   <div class='ocr_carea' id='block_1_2' title="bbox 402 359 1458 772">
    <p class='ocr_par' dir='ltr' id='par_1_2' title="bbox 457 359 1458 486">
     <span class='ocr_line' id='line_1_2' title="bbox 457 359 1458 416; baseline 0 -12"><span class='ocrx_word' id='word_1_2' title='bbox 457 362 631 405; x_wconf 88' lang='lat' dir='ltr'>tionem</span> <span class='ocrx_word' id='word_1_3' title='bbox 655 361 713 404; x_wconf 91' lang='lat' dir='ltr'>ab</span> <span class='ocrx_word' id='word_1_4' title='bbox 731 359 910 403; x_wconf 88' lang='lat' dir='ltr'>Latinis</span> <span class='ocrx_word' id='word_1_5' title='bbox 933 373 1155 416; x_wconf 86' lang='lat' dir='ltr'>accepere</span> <span class='ocrx_word' id='word_1_6' title='bbox 1176 360 1387 405; x_wconf 87' lang='lat' dir='ltr'>Lascaris</span> <span class='ocrx_word' id='word_1_7' title='bbox 1409 362 1458 406; x_wconf 88' lang='lat' dir='ltr'>et</span> 
     </span>
     <span class='ocr_line' id='line_1_3' title="bbox 458 429 815 486; baseline -0.006 -11"><span class='ocrx_word' id='word_1_8' title='bbox 458 429 815 486; x_wconf 84' lang='lat' dir='ltr'>Chalcondyles)</span> 
     </span>
    </p>

    <p class='ocr_par' dir='ltr' id='par_1_3' title="bbox 402 501 1456 772">
     <span class='ocr_line' id='line_1_4' title="bbox 402 501 1455 560; baseline 0.001 -15"><span class='ocrx_word' id='word_1_9' title='bbox 402 503 665 557; x_wconf 79' lang='grc' dir='ltr'><em>διαιρέςεως</em></span> <span class='ocrx_word' id='word_1_10' title='bbox 687 501 1019 545; x_wconf 83' lang='lat' dir='ltr'>adverbiorum</span> <span class='ocrx_word' id='word_1_11' title='bbox 1041 501 1200 546; x_wconf 87' lang='lat' dir='ltr'>classis</span> <span class='ocrx_word' id='word_1_12' title='bbox 1223 503 1348 560; x_wconf 91' lang='lat' dir='ltr'>apud</span> <span class='ocrx_word' id='word_1_13' title='bbox 1365 503 1455 546; x_wconf 79' lang='lat' dir='ltr'>Gra—</span> 
     </span>
     <span class='ocr_line' id='line_1_5' title="bbox 456 570 1454 629; baseline 0.002 -15"><span class='ocrx_word' id='word_1_14' title='bbox 456 586 580 626; x_wconf 84' lang='lat' dir='ltr'>zam,</span> <span class='ocrx_word' id='word_1_15' title='bbox 611 571 886 628; x_wconf 72' lang='lat' dir='ltr'>Lascarim,</span> <span class='ocrx_word' id='word_1_16' title='bbox 930 570 1293 629; x_wconf 84' lang='lat' dir='ltr'>Chalcondylem</span> <span class='ocrx_word' id='word_1_17' title='bbox 1337 573 1454 617; x_wconf 86' lang='lat' dir='ltr'>deri-</span> 
     </span>
     <span class='ocr_line' id='line_1_6' title="bbox 455 642 1456 701; baseline 0.001 -15"><span class='ocrx_word' id='word_1_18' title='bbox 455 642 612 686; x_wconf 89' lang='lat' dir='ltr'>vanda</span> <span class='ocrx_word' id='word_1_19' title='bbox 664 643 723 686; x_wconf 90' lang='lat' dir='ltr'>ab</span> <span class='ocrx_word' id='word_1_20' title='bbox 775 643 1028 686; x_wconf 87' lang='lat' dir='ltr'>latinorum</span> <span class='ocrx_word' id='word_1_21' title='bbox 1077 644 1456 701; x_wconf 82' lang='lat' dir='ltr'>artigraphorum</span> 
     </span>
     <span class='ocr_line' id='line_1_7' title="bbox 436 712 1412 772; baseline 0.002 -15"><span class='ocrx_word' id='word_1_22' title='bbox 436 712 614 769; x_wconf 74' lang='lat' dir='ltr'>,specie</span> <span class='ocrx_word' id='word_1_23' title='bbox 645 714 976 769; x_wconf 72' lang='lat' dir='ltr'><em>separationis:</em></span> <span class='ocrx_word' id='word_1_24' title='bbox 1009 714 1069 758; x_wconf 89' lang='lat' dir='ltr'>ad</span> <span class='ocrx_word' id='word_1_25' title='bbox 1098 719 1167 766; x_wconf 85' lang='lat'>80,</span> <span class='ocrx_word' id='word_1_26' title='bbox 1199 721 1224 759; x_wconf 89' lang='grc'><strong>3</strong></span> <span class='ocrx_word' id='word_1_27' title='bbox 1256 716 1303 772; x_wconf 88' lang='lat' dir='ltr'>(p</span> <span class='ocrx_word' id='word_1_28' title='bbox 1335 716 1412 772; x_wconf 85' lang='lat'>81)</span> 
     </span>
    </p>
   </div>
   <div class='ocr_carea' id='block_1_3' title="bbox 403 798 1457 996">
    <p class='ocr_par' dir='ltr' id='par_1_4' title="bbox 403 798 1457 996">
     <span class='ocr_line' id='line_1_8' title="bbox 403 798 1457 859; baseline -0.002 -15"><span class='ocrx_word' id='word_1_29' title='bbox 403 798 638 859; x_wconf 77' lang='grc' dir='ltr'><em>διαιρέω</em></span> <span class='ocrx_word' id='word_1_30' title='bbox 679 798 736 843; x_wconf 88' lang='lat' dir='ltr'>de</span> <span class='ocrx_word' id='word_1_31' title='bbox 766 799 1016 856; x_wconf 87' lang='lat' dir='ltr'>generibus</span> <span class='ocrx_word' id='word_1_32' title='bbox 1055 801 1102 843; x_wconf 90' lang='lat' dir='ltr'>in</span> <span class='ocrx_word' id='word_1_33' title='bbox 1132 800 1309 856; x_wconf 89' lang='lat' dir='ltr'>species</span> <span class='ocrx_word' id='word_1_34' title='bbox 1341 799 1457 843; x_wconf 88' lang='lat' dir='ltr'>divi-</span> 
     </span>
     <span class='ocr_line' id='line_1_9' title="bbox 455 869 1457 926; baseline 0.003 -15"><span class='ocrx_word' id='word_1_35' title='bbox 455 869 639 913; x_wconf 89' lang='lat' dir='ltr'>dendis:</span> <span class='ocrx_word' id='word_1_36' title='bbox 687 871 972 926; x_wconf 86' lang='grc' dir='ltr'><em>διαιρεθῆναι</em></span> <span class='ocrx_word' id='word_1_37' title='bbox 1018 876 1096 925; x_wconf 84' lang='grc'>43,</span> <span class='ocrx_word' id='word_1_38' title='bbox 1138 877 1175 915; x_wconf 91' lang='grc'>1.</span> <span class='ocrx_word' id='word_1_39' title='bbox 1228 873 1457 926; x_wconf 73' lang='grc' dir='ltr'>διαιρεθὲν</span> 
     </span>
     <span class='ocr_line' id='line_1_10' title="bbox 452 943 1137 996; baseline 0 -12"><span class='ocrx_word' id='word_1_40' title='bbox 452 946 523 995; x_wconf 84' lang='grc'>43,</span> <span class='ocrx_word' id='word_1_41' title='bbox 563 946 602 985; x_wconf 89' lang='grc'>3.</span> <span class='ocrx_word' id='word_1_42' title='bbox 635 943 954 996; x_wconf 84' lang='grc' dir='ltr'>*διαιροῦνται</span> <span class='ocrx_word' id='word_1_43' title='bbox 988 947 1080 995; x_wconf 88' lang='grc'>107,</span> <span class='ocrx_word' id='word_1_44' title='bbox 1116 947 1137 984; x_wconf 92' lang='grc'>1</span> 
     </span>
    </p>
   </div>
   <div class='ocr_carea' id='block_1_4' title="bbox 398 1025 1454 1158">
    <p class='ocr_par' dir='ltr' id='par_1_5' title="bbox 398 1025 1454 1158">
     <span class='ocr_line' id='line_1_11' title="bbox 398 1025 1454 1082; baseline -0.001 -11"><span class='ocrx_word' id='word_1_45' title='bbox 398 1025 707 1082; x_wconf 76' lang='grc' dir='ltr'>διάκειμαι.</span> <span class='ocrx_word' id='word_1_46' title='bbox 750 1027 801 1070; x_wconf 81' lang='grc' dir='ltr'>εὖ</span> <span class='ocrx_word' id='word_1_47' title='bbox 824 1027 1076 1071; x_wconf 79' lang='grc' dir='ltr'>διάκεινται</span> <span class='ocrx_word' id='word_1_48' title='bbox 1092 1027 1194 1082; x_wconf 75' lang='lat' dir='ltr'>apti</span> <span class='ocrx_word' id='word_1_49' title='bbox 1212 1031 1322 1072; x_wconf 75' lang='lat' dir='ltr'>sunt</span> <span class='ocrx_word' id='word_1_50' title='bbox 1343 1032 1410 1081; x_wconf 92' lang='lat'>96,</span> <span class='ocrx_word' id='word_1_51' title='bbox 1437 1033 1454 1070; x_wconf 89' lang='lat'>1</span> 
     </span>
     <span class='ocr_line' id='line_1_12' title="bbox 400 1099 904 1158; baseline -0.004 -16"><span class='ocrx_word' id='word_1_52' title='bbox 400 1099 748 1158; x_wconf 75' lang='grc' dir='ltr'><em>διακρίνεται</em></span> <span class='ocrx_word' id='word_1_53' title='bbox 779 1103 846 1152; x_wconf 89' lang='grc'>65,</span> <span class='ocrx_word' id='word_1_54' title='bbox 879 1103 904 1140; x_wconf 99' lang='grc'><strong>2</strong></span> 
     </span>
    </p>
   </div>
   <div class='ocr_carea' id='block_1_5' title="bbox 398 1181 1458 1593">
    <p class='ocr_par' dir='ltr' id='par_1_6' title="bbox 398 1181 1458 1440">
     <span class='ocr_line' id='line_1_13' title="bbox 398 1181 1455 1238; baseline 0 -12"><span class='ocrx_word' id='word_1_55' title='bbox 398 1184 671 1238; x_wconf 86' lang='grc' dir='ltr'><em>διακριτικοὶ</em></span> <span class='ocrx_word' id='word_1_56' title='bbox 710 1184 949 1236; x_wconf 86' lang='grc' dir='ltr'><em>ςύνδεςμοι</em></span> <span class='ocrx_word' id='word_1_57' title='bbox 995 1196 1023 1226; x_wconf 93' lang='lat' dir='ltr'>a</span> <span class='ocrx_word' id='word_1_58' title='bbox 1063 1182 1209 1235; x_wconf 82' lang='lat' dir='ltr'>Gaza,</span> <span class='ocrx_word' id='word_1_59' title='bbox 1254 1181 1455 1237; x_wconf 85' lang='lat' dir='ltr'>Lascari,</span> 
     </span>
     <span class='ocr_line' id='line_1_14' title="bbox 455 1252 1458 1309; baseline 0 -12"><span class='ocrx_word' id='word_1_60' title='bbox 455 1252 769 1309; x_wconf 83' lang='lat' dir='ltr'>Chalcondyle</span> <span class='ocrx_word' id='word_1_61' title='bbox 801 1253 1102 1308; x_wconf 75' lang='lat' dir='ltr'>appellantur</span> <span class='ocrx_word' id='word_1_62' title='bbox 1123 1255 1152 1308; x_wconf 85' lang='grc' dir='ltr'><strong>ἤ</strong></span> <span class='ocrx_word' id='word_1_63' title='bbox 1175 1274 1230 1290; x_wconf 87' lang='grc'>--</span> <span class='ocrx_word' id='word_1_64' title='bbox 1251 1267 1387 1309; x_wconf 75' lang='lat' dir='ltr'>quam</span> <span class='ocrx_word' id='word_1_65' title='bbox 1410 1255 1458 1297; x_wconf 91' lang='lat' dir='ltr'>et</span> 
     </span>
     <span class='ocr_line' id='line_1_15' title="bbox 453 1317 1455 1380; baseline 0 -12"><span class='ocrx_word' id='word_1_66' title='bbox 453 1326 601 1380; x_wconf 84' lang='grc' dir='ltr'>ἤπερ,</span> <span class='ocrx_word' id='word_1_67' title='bbox 646 1323 753 1368; x_wconf 91' lang='lat' dir='ltr'>vide</span> <span class='ocrx_word' id='word_1_68' title='bbox 792 1325 876 1368; x_wconf 86' lang='lat' dir='ltr'>sub</span> <span class='ocrx_word' id='word_1_69' title='bbox 915 1326 1238 1380; x_wconf 86' lang='grc' dir='ltr'><em>διαςαφητικοί</em></span> <span class='ocrx_word' id='word_1_70' title='bbox 1283 1325 1331 1369; x_wconf 91' lang='lat' dir='ltr'>et</span> <span class='ocrx_word' id='word_1_71' title='bbox 1361 1317 1455 1368; x_wconf 38' lang='lat' dir='ltr'>&#39;sub</span> 
     </span>
     <span class='ocr_line' id='line_1_16' title="bbox 453 1397 774 1440; baseline -0.003 0"><span class='ocrx_word' id='word_1_72' title='bbox 453 1397 774 1440; x_wconf 81' lang='grc' dir='ltr'><em>ἐπιλεκτικούς</em></span> 
     </span>
    </p>

    <p class='ocr_par' dir='ltr' id='par_1_7' title="bbox 398 1465 1455 1593">
     <span class='ocr_line' id='line_1_17' title="bbox 398 1465 1455 1513; baseline -0.002 0"><span class='ocrx_word' id='word_1_73' title='bbox 398 1465 625 1513; x_wconf 79' lang='grc' dir='ltr'><em>διάνοια</em></span> <span class='ocrx_word' id='word_1_74' title='bbox 669 1466 897 1511; x_wconf 72' lang='lat' dir='ltr'>sententia</span> <span class='ocrx_word' id='word_1_75' title='bbox 941 1466 1198 1510; x_wconf 72' lang='lat' dir='ltr'>enuntiati:</span> <span class='ocrx_word' id='word_1_76' title='bbox 1249 1466 1455 1511; x_wconf 76' lang='grc' dir='ltr'><em>διανοίας</em></span> 
     </span>
     <span class='ocr_line' id='line_1_18' title="bbox 456 1536 1330 1593; baseline 0.001 -12"><span class='ocrx_word' id='word_1_77' title='bbox 456 1542 494 1591; x_wconf 94' lang='grc'>7,</span> <span class='ocrx_word' id='word_1_78' title='bbox 527 1542 552 1581; x_wconf 89' lang='grc'>5</span> <span class='ocrx_word' id='word_1_79' title='bbox 584 1538 633 1581; x_wconf 92' lang='lat' dir='ltr'>et</span> <span class='ocrx_word' id='word_1_80' title='bbox 663 1541 704 1580; x_wconf 89' lang='grc'>6.</span> <span class='ocrx_word' id='word_1_81' title='bbox 754 1538 961 1582; x_wconf 85' lang='grc' dir='ltr'><em>διάνοιαν</em></span> <span class='ocrx_word' id='word_1_82' title='bbox 992 1542 1061 1591; x_wconf 94' lang='grc'>22,</span> <span class='ocrx_word' id='word_1_83' title='bbox 1095 1543 1133 1584; x_wconf 91' lang='grc'>5.</span> <span class='ocrx_word' id='word_1_84' title='bbox 1166 1541 1238 1593; x_wconf 82' lang='grc'>86,</span> <span class='ocrx_word' id='word_1_85' title='bbox 1269 1544 1295 1582; x_wconf 86' lang='grc'><strong>3</strong></span> <span class='ocrx_word' id='word_1_86' title='bbox 1327 1536 1330 1539; x_wconf 68' lang='grc'><strong><em>’</em></strong></span> 
     </span>
    </p>
   </div>
   <div class='ocr_carea' id='block_1_6' title="bbox 397 1622 1457 2108">
    <p class='ocr_par' dir='ltr' id='par_1_8' title="bbox 399 1622 1454 1740">
     <span class='ocr_line' id='line_1_19' title="bbox 399 1622 1454 1680; baseline 0 -13"><span class='ocrx_word' id='word_1_87' title='bbox 399 1625 725 1679; x_wconf 85' lang='grc' dir='ltr'><em>διαπορητικοὶ</em></span> <span class='ocrx_word' id='word_1_88' title='bbox 769 1623 1028 1677; x_wconf 87' lang='grc' dir='ltr'><em>ςύνδεςμοι,</em></span> <span class='ocrx_word' id='word_1_89' title='bbox 1072 1622 1179 1667; x_wconf 88' lang='lat' dir='ltr'>vide</span> <span class='ocrx_word' id='word_1_90' title='bbox 1211 1624 1454 1680; x_wconf 51' lang='grc' dir='ltr'><em>ἀπορημαν</em></span> 
     </span>
     <span class='ocr_line' id='line_1_20' title="bbox 453 1696 640 1740; baseline 0.011 -2"><span class='ocrx_word' id='word_1_91' title='bbox 453 1696 574 1738; x_wconf 87' lang='grc' dir='ltr'><em>τικοὶ</em></span> <span class='ocrx_word' id='word_1_92' title='bbox 604 1707 640 1740; x_wconf 93' lang='grc' dir='ltr'>ς.</span> 
     </span>
    </p>

    <p class='ocr_par' dir='ltr' id='par_1_9' title="bbox 397 1765 1457 2108">
     <span class='ocr_line' id='line_1_21' title="bbox 397 1765 1456 1823; baseline -0.002 -13"><span class='ocrx_word' id='word_1_93' title='bbox 397 1767 718 1821; x_wconf 85' lang='grc' dir='ltr'><em>διαςαφητικοὶ</em></span> <span class='ocrx_word' id='word_1_94' title='bbox 729 1767 968 1822; x_wconf 88' lang='grc' dir='ltr'><em>ςύνδεςμοι</em></span> <span class='ocrx_word' id='word_1_95' title='bbox 984 1768 1044 1811; x_wconf 85' lang='lat' dir='ltr'>ab</span> <span class='ocrx_word' id='word_1_96' title='bbox 1054 1765 1304 1823; x_wconf 90' lang='lat' dir='ltr'>Apollonio</span> <span class='ocrx_word' id='word_1_97' title='bbox 1317 1765 1456 1822; x_wconf 80' lang='lat' dir='ltr'>Dysc,</span> 
     </span>
     <span class='ocr_line' id='line_1_22' title="bbox 455 1836 1457 1894; baseline -0.001 -13"><span class='ocrx_word' id='word_1_98' title='bbox 455 1836 754 1894; x_wconf 76' lang='lat' dir='ltr'>appellantur</span> <span class='ocrx_word' id='word_1_99' title='bbox 784 1839 839 1892; x_wconf 87' lang='grc' dir='ltr'>ἤ,</span> <span class='ocrx_word' id='word_1_100' title='bbox 882 1838 962 1881; x_wconf 92' lang='lat' dir='ltr'>ubi</span> <span class='ocrx_word' id='word_1_101' title='bbox 1000 1838 1126 1882; x_wconf 91' lang='lat' dir='ltr'>idem</span> <span class='ocrx_word' id='word_1_102' title='bbox 1164 1837 1288 1894; x_wconf 90' lang='lat' dir='ltr'>quod</span> <span class='ocrx_word' id='word_1_103' title='bbox 1319 1850 1457 1893; x_wconf 74' lang='lat' dir='ltr'>quam</span> 
     </span>
     <span class='ocr_line' id='line_1_23' title="bbox 455 1908 1457 1966; baseline 0 -14"><span class='ocrx_word' id='word_1_104' title='bbox 455 1908 700 1966; x_wconf 88' lang='lat' dir='ltr'>significat,</span> <span class='ocrx_word' id='word_1_105' title='bbox 742 1911 789 1952; x_wconf 90' lang='lat' dir='ltr'>et</span> <span class='ocrx_word' id='word_1_106' title='bbox 826 1910 969 1964; x_wconf 76' lang='grc' dir='ltr'><em>ἤπερε</em></span> <span class='ocrx_word' id='word_1_107' title='bbox 1018 1909 1076 1953; x_wconf 91' lang='lat' dir='ltr'>de</span> <span class='ocrx_word' id='word_1_108' title='bbox 1115 1909 1231 1952; x_wconf 91' lang='lat' dir='ltr'>coni.</span> <span class='ocrx_word' id='word_1_109' title='bbox 1272 1913 1457 1964; x_wconf 41' lang='grc'>48723*-</span> 
     </span>
     <span class='ocr_line' id='line_1_24' title="bbox 454 1980 1455 2037; baseline -0.003 -13"><span class='ocrx_word' id='word_1_110' title='bbox 454 1985 571 2037; x_wconf 64' lang='lat'>4893,</span> <span class='ocrx_word' id='word_1_111' title='bbox 583 1980 635 2023; x_wconf 90' lang='grc' dir='ltr'>Β.</span> <span class='ocrx_word' id='word_1_112' title='bbox 657 1984 956 2036; x_wconf 58' lang='lat' dir='ltr'>emm-2232²</span> <span class='ocrx_word' id='word_1_113' title='bbox 968 1980 1103 2024; x_wconf 76' lang='lat' dir='ltr'>Schn.</span> <span class='ocrx_word' id='word_1_114' title='bbox 1122 1982 1169 2023; x_wconf 70' lang='lat' dir='ltr'>et</span> <span class='ocrx_word' id='word_1_115' title='bbox 1185 1980 1304 2035; x_wconf 73' lang='lat' dir='ltr'>synt.</span> <span class='ocrx_word' id='word_1_116' title='bbox 1323 1983 1455 2036; x_wconf 68' lang='lat'>12623.</span> 
     </span>
     <span class='ocr_line' id='line_1_25' title="bbox 455 2051 1453 2108; baseline -0.001 -14"><span class='ocrx_word' id='word_1_117' title='bbox 455 2065 547 2106; x_wconf 92' lang='lat' dir='ltr'>quo</span> <span class='ocrx_word' id='word_1_118' title='bbox 579 2052 765 2095; x_wconf 90' lang='lat' dir='ltr'>nomine</span> <span class='ocrx_word' id='word_1_119' title='bbox 789 2051 1071 2108; x_wconf 71' lang='lat' dir='ltr'>posteriores</span> <span class='ocrx_word' id='word_1_120' title='bbox 1093 2064 1279 2107; x_wconf 87' lang='lat' dir='ltr'>quoque</span> <span class='ocrx_word' id='word_1_121' title='bbox 1300 2064 1453 2107; x_wconf 88' lang='lat' dir='ltr'>gram-</span> 
     </span>
    </p>
   </div>
   <div class='ocr_carea' id='block_1_7' title="bbox 454 2121 1470 2179">
    <p class='ocr_par' dir='ltr' id='par_1_10' title="bbox 454 2121 1470 2179">
     <span class='ocr_line' id='line_1_26' title="bbox 454 2121 1470 2179; baseline -0.003 -13"><span class='ocrx_word' id='word_1_122' title='bbox 454 2123 615 2167; x_wconf 88' lang='lat' dir='ltr'>matici</span> <span class='ocrx_word' id='word_1_123' title='bbox 640 2124 850 2178; x_wconf 89' lang='lat' dir='ltr'>utuntur,</span> <span class='ocrx_word' id='word_1_124' title='bbox 873 2137 911 2167; x_wconf 92' lang='lat' dir='ltr'>e.</span> <span class='ocrx_word' id='word_1_125' title='bbox 935 2137 979 2179; x_wconf 89' lang='lat' dir='ltr'>g.</span> <span class='ocrx_word' id='word_1_126' title='bbox 1007 2128 1056 2167; x_wconf 89' lang='grc' dir='ltr'><strong><em>Σ</em></strong></span> <span class='ocrx_word' id='word_1_127' title='bbox 1073 2127 1193 2178; x_wconf 73' lang='lat' dir='ltr'>9632G</span> <span class='ocrx_word' id='word_1_128' title='bbox 1214 2127 1338 2178; x_wconf 71' lang='lat'>97220</span> <span class='ocrx_word' id='word_1_129' title='bbox 1354 2121 1390 2164; x_wconf 88' lang='lat' dir='ltr'><strong>E</strong></span> <span class='ocrx_word' id='word_1_130' title='bbox 1407 2121 1470 2164; x_wconf 87' lang='lat' dir='ltr'>M-</span> 
     </span>
    </p>
   </div>
   <div class='ocr_carea' id='block_1_8' title="bbox 397 2192 1458 2892">
    <p class='ocr_par' dir='ltr' id='par_1_11' title="bbox 454 2192 1457 2608">
     <span class='ocr_line' id='line_1_27' title="bbox 454 2192 1455 2252; baseline -0.004 -13"><span class='ocrx_word' id='word_1_131' title='bbox 454 2200 575 2250; x_wconf 69' lang='lat'>41527</span> <span class='ocrx_word' id='word_1_132' title='bbox 605 2225 640 2252; x_wconf 71' lang='lat'>53</span> <span class='ocrx_word' id='word_1_133' title='bbox 671 2195 741 2251; x_wconf 91' lang='lat' dir='ltr'>(at</span> <span class='ocrx_word' id='word_1_134' title='bbox 772 2194 922 2249; x_wconf 81' lang='lat' dir='ltr'>Gaza,</span> <span class='ocrx_word' id='word_1_135' title='bbox 960 2194 1192 2248; x_wconf 89' lang='lat' dir='ltr'>Lascaris,</span> <span class='ocrx_word' id='word_1_136' title='bbox 1227 2192 1455 2237; x_wconf 86' lang='lat' dir='ltr'>Chalcon—</span> 
     </span>
     <span class='ocr_line' id='line_1_28' title="bbox 456 2265 1454 2322; baseline -0.002 -13"><span class='ocrx_word' id='word_1_137' title='bbox 456 2265 589 2322; x_wconf 84' lang='lat' dir='ltr'>dyles</span> <span class='ocrx_word' id='word_1_138' title='bbox 618 2279 703 2322; x_wconf 90' lang='lat' dir='ltr'>pro</span> <span class='ocrx_word' id='word_1_139' title='bbox 734 2265 823 2309; x_wconf 91' lang='lat' dir='ltr'>hoc</span> <span class='ocrx_word' id='word_1_140' title='bbox 843 2265 1022 2310; x_wconf 84' lang='lat' dir='ltr'>habent</span> <span class='ocrx_word' id='word_1_141' title='bbox 1051 2278 1222 2308; x_wconf 90' lang='lat' dir='ltr'>nomen</span> <span class='ocrx_word' id='word_1_142' title='bbox 1242 2266 1454 2319; x_wconf 83' lang='grc' dir='ltr'><em>διακριτι-</em></span> 
     </span>
     <span class='ocr_line' id='line_1_29' title="bbox 455 2335 1457 2393; baseline -0.004 -11"><span class='ocrx_word' id='word_1_143' title='bbox 455 2338 592 2392; x_wconf 83' lang='grc' dir='ltr'><em>κῶν).</em></span> <span class='ocrx_word' id='word_1_144' title='bbox 671 2337 797 2393; x_wconf 90' lang='lat' dir='ltr'>apud</span> <span class='ocrx_word' id='word_1_145' title='bbox 855 2336 1143 2381; x_wconf 89' lang='lat' dir='ltr'>Priscianum</span> <span class='ocrx_word' id='word_1_146' title='bbox 1203 2335 1457 2391; x_wconf 82' lang='lat' dir='ltr'>respondet</span> 
     </span>
     <span class='ocr_line' id='line_1_30' title="bbox 457 2407 1452 2452; baseline -0.001 0"><span class='ocrx_word' id='word_1_147' title='bbox 457 2409 613 2452; x_wconf 85' lang='lat' dir='ltr'>classis</span> <span class='ocrx_word' id='word_1_148' title='bbox 672 2407 1051 2452; x_wconf 91' lang='lat' dir='ltr'>coniunctionum</span> <span class='ocrx_word' id='word_1_149' title='bbox 1114 2407 1452 2452; x_wconf 77' lang='lat' dir='ltr'>disertivarum.</span> 
     </span>
     <span class='ocr_line' id='line_1_31' title="bbox 454 2478 1456 2535; baseline -0.001 -12"><span class='ocrx_word' id='word_1_150' title='bbox 454 2478 563 2523; x_wconf 84' lang='lat' dir='ltr'>vide</span> <span class='ocrx_word' id='word_1_151' title='bbox 595 2478 654 2522; x_wconf 89' lang='lat' dir='ltr'>ad</span> <span class='ocrx_word' id='word_1_152' title='bbox 685 2483 755 2535; x_wconf 82' lang='lat'>87,</span> <span class='ocrx_word' id='word_1_153' title='bbox 790 2484 940 2535; x_wconf 88' lang='lat'>1—88,</span> <span class='ocrx_word' id='word_1_154' title='bbox 973 2485 999 2523; x_wconf 91' lang='lat'>2</span> <span class='ocrx_word' id='word_1_155' title='bbox 1031 2479 1085 2535; x_wconf 88' lang='lat' dir='ltr'>(p</span> <span class='ocrx_word' id='word_1_156' title='bbox 1116 2481 1189 2534; x_wconf 89' lang='lat'>88)</span> <span class='ocrx_word' id='word_1_157' title='bbox 1221 2480 1271 2523; x_wconf 91' lang='lat' dir='ltr'>et</span> <span class='ocrx_word' id='word_1_158' title='bbox 1303 2484 1397 2532; x_wconf 88' lang='grc'>100,</span> <span class='ocrx_word' id='word_1_159' title='bbox 1430 2483 1456 2521; x_wconf 93' lang='grc'>2</span> 
     </span>
     <span class='ocr_line' id='line_1_32' title="bbox 457 2550 684 2608; baseline -0.004 -14"><span class='ocrx_word' id='word_1_160' title='bbox 457 2550 684 2608; x_wconf 81' lang='lat' dir='ltr'>(Armen.)</span> 
     </span>
    </p>

    <p class='ocr_par' dir='ltr' id='par_1_12' title="bbox 397 2620 1458 2743">
     <span class='ocr_line' id='line_1_33' title="bbox 397 2620 1458 2678; baseline -0.002 -12"><span class='ocrx_word' id='word_1_161' title='bbox 397 2623 693 2667; x_wconf 74' lang='grc' dir='ltr'><em>*διαςτὲλλω</em></span> <span class='ocrx_word' id='word_1_162' title='bbox 740 2621 797 2665; x_wconf 91' lang='lat' dir='ltr'>de</span> <span class='ocrx_word' id='word_1_163' title='bbox 843 2634 1009 2665; x_wconf 93' lang='lat' dir='ltr'>vocum</span> <span class='ocrx_word' id='word_1_164' title='bbox 1055 2620 1346 2678; x_wconf 88' lang='lat' dir='ltr'>singularum</span> <span class='ocrx_word' id='word_1_165' title='bbox 1391 2633 1458 2664; x_wconf 88' lang='lat' dir='ltr'>se-</span> 
     </span>
     <span class='ocr_line' id='line_1_34' title="bbox 454 2693 877 2743; baseline -0.002 -7"><span class='ocrx_word' id='word_1_166' title='bbox 454 2693 691 2737; x_wconf 87' lang='lat' dir='ltr'>iunctione</span> <span class='ocrx_word' id='word_1_167' title='bbox 726 2697 820 2743; x_wconf 87' lang='lat'>114,</span> <span class='ocrx_word' id='word_1_168' title='bbox 853 2698 877 2735; x_wconf 95' lang='lat'>2</span> 
     </span>
    </p>

    <p class='ocr_par' dir='ltr' id='par_1_13' title="bbox 401 2762 1458 2892">
     <span class='ocr_line' id='line_1_35' title="bbox 401 2762 1458 2831; baseline -0.004 -20"><span class='ocrx_word' id='word_1_169' title='bbox 401 2762 689 2822; x_wconf 78' lang='grc' dir='ltr'><em>διάστημα</em></span> <span class='ocrx_word' id='word_1_170' title='bbox 720 2763 778 2807; x_wconf 87' lang='lat' dir='ltr'>de</span> <span class='ocrx_word' id='word_1_171' title='bbox 797 2763 1048 2808; x_wconf 86' lang='lat' dir='ltr'>intervallo</span> <span class='ocrx_word' id='word_1_172' title='bbox 1079 2763 1302 2831; x_wconf 42' lang='lat' dir='ltr'>oratic-gnis</span> <span class='ocrx_word' id='word_1_173' title='bbox 1333 2764 1458 2820; x_wconf 87' lang='lat' dir='ltr'>quod</span> 
     </span>
     <span class='ocr_line' id='line_1_36' title="bbox 460 2834 1287 2892; baseline -0.002 -13"><span class='ocrx_word' id='word_1_174' title='bbox 460 2835 753 2892; x_wconf 84' lang='lat' dir='ltr'>significatur</span> <span class='ocrx_word' id='word_1_175' title='bbox 781 2834 1157 2891; x_wconf 73' lang='lat' dir='ltr'>interpunctione</span> <span class='ocrx_word' id='word_1_176' title='bbox 1189 2840 1229 2890; x_wconf 94' lang='lat'>8,</span> <span class='ocrx_word' id='word_1_177' title='bbox 1262 2839 1287 2877; x_wconf 86' lang='lat'>2</span> 
     </span>
    </p>
   </div>
   <div class='ocr_carea' id='block_1_9' title="bbox 400 2919 1459 4116">
    <p class='ocr_par' dir='ltr' id='par_1_14' title="bbox 400 2919 1459 3251">
     <span class='ocr_line' id='line_1_37' title="bbox 400 2919 1459 2978; baseline -0.006 -9"><span class='ocrx_word' id='word_1_178' title='bbox 400 2919 676 2978; x_wconf 80' lang='grc' dir='ltr'><em>διαστολή</em></span> <span class='ocrx_word' id='word_1_179' title='bbox 721 2922 778 2965; x_wconf 88' lang='lat' dir='ltr'>de</span> <span class='ocrx_word' id='word_1_180' title='bbox 824 2920 1121 2964; x_wconf 88' lang='lat' dir='ltr'>distinctione</span> <span class='ocrx_word' id='word_1_181' title='bbox 1168 2919 1459 2977; x_wconf 88' lang='lat' dir='ltr'>singulorum</span> 
     </span>
     <span class='ocr_line' id='line_1_38' title="bbox 458 2990 1459 3048; baseline -0.004 -10"><span class='ocrx_word' id='word_1_182' title='bbox 458 2994 808 3038; x_wconf 87' lang='lat' dir='ltr'>enuntiatorum</span> <span class='ocrx_word' id='word_1_183' title='bbox 841 2994 890 3036; x_wconf 91' lang='lat' dir='ltr'>et</span> <span class='ocrx_word' id='word_1_184' title='bbox 920 2990 1209 3048; x_wconf 86' lang='lat' dir='ltr'>singularum</span> <span class='ocrx_word' id='word_1_185' title='bbox 1242 2992 1459 3035; x_wconf 86' lang='lat' dir='ltr'>enuntia-</span> 
     </span>
     <span class='ocr_line' id='line_1_39' title="bbox 456 3063 1458 3122; baseline -0.002 -14"><span class='ocrx_word' id='word_1_186' title='bbox 456 3067 611 3108; x_wconf 88' lang='lat' dir='ltr'>torum</span> <span class='ocrx_word' id='word_1_187' title='bbox 632 3063 874 3122; x_wconf 64' lang='lat' dir='ltr'>partium:‚</span> <span class='ocrx_word' id='word_1_188' title='bbox 890 3064 1135 3118; x_wconf 86' lang='grc' dir='ltr'><em>διαςτολῆς</em></span> <span class='ocrx_word' id='word_1_189' title='bbox 1156 3067 1196 3116; x_wconf 88' lang='grc'>6,</span> <span class='ocrx_word' id='word_1_190' title='bbox 1218 3066 1257 3106; x_wconf 95' lang='lat'>8.</span> <span class='ocrx_word' id='word_1_191' title='bbox 1290 3063 1458 3119; x_wconf 50' lang='grc' dir='ltr'><em>*ΐδια-</em></span> 
     </span>
     <span class='ocr_line' id='line_1_40' title="bbox 460 3133 1458 3192; baseline -0.003 -11"><span class='ocrx_word' id='word_1_192' title='bbox 460 3139 601 3191; x_wconf 86' lang='grc' dir='ltr'><em>ςτολὴ</em></span> <span class='ocrx_word' id='word_1_193' title='bbox 643 3148 728 3192; x_wconf 90' lang='lat' dir='ltr'>pro</span> <span class='ocrx_word' id='word_1_194' title='bbox 766 3135 1080 3188; x_wconf 82' lang='grc' dir='ltr'><em>ὑποδιαςτολὴ</em></span> <span class='ocrx_word' id='word_1_195' title='bbox 1130 3138 1229 3188; x_wconf 89' lang='grc'>114,</span> <span class='ocrx_word' id='word_1_196' title='bbox 1263 3138 1310 3177; x_wconf 91' lang='lat'>2:</span> <span class='ocrx_word' id='word_1_197' title='bbox 1350 3133 1458 3178; x_wconf 90' lang='lat' dir='ltr'>vide</span> 
     </span>
     <span class='ocr_line' id='line_1_41' title="bbox 458 3206 814 3251; baseline -0.008 0"><span class='ocrx_word' id='word_1_198' title='bbox 458 3206 814 3251; x_wconf 72' lang='lat' dir='ltr'>adnotationem</span> 
     </span>
    </p>

    <p class='ocr_par' dir='ltr' id='par_1_15' title="bbox 403 3276 791 3338">
     <span class='ocr_line' id='line_1_42' title="bbox 403 3276 791 3338; baseline -0.01 -15"><span class='ocrx_word' id='word_1_199' title='bbox 403 3276 663 3338; x_wconf 82' lang='grc' dir='ltr'><em>διαφέρει</em></span> <span class='ocrx_word' id='word_1_200' title='bbox 694 3282 735 3332; x_wconf 88' lang='grc'>8,</span> <span class='ocrx_word' id='word_1_201' title='bbox 770 3281 791 3319; x_wconf 94' lang='grc'>1</span> 
     </span>
    </p>

    <p class='ocr_par' dir='ltr' id='par_1_16' title="bbox 403 3347 1458 3472">
     <span class='ocr_line' id='line_1_43' title="bbox 403 3347 1458 3408; baseline -0.002 -14"><span class='ocrx_word' id='word_1_202' title='bbox 403 3350 677 3408; x_wconf 88' lang='grc' dir='ltr'><em>διαφοραί</em></span> <span class='ocrx_word' id='word_1_203' title='bbox 706 3347 874 3403; x_wconf 75' lang='lat' dir='ltr'>species</span> <span class='ocrx_word' id='word_1_204' title='bbox 903 3348 1027 3392; x_wconf 75' lang='lat' dir='ltr'>inter</span> <span class='ocrx_word' id='word_1_205' title='bbox 1053 3361 1100 3392; x_wconf 83' lang='lat' dir='ltr'>se</span> <span class='ocrx_word' id='word_1_206' title='bbox 1129 3348 1358 3392; x_wconf 80' lang='lat' dir='ltr'>diversae:</span> <span class='ocrx_word' id='word_1_207' title='bbox 1389 3352 1458 3403; x_wconf 88' lang='lat'>30,</span> 
     </span>
     <span class='ocr_line' id='line_1_44' title="bbox 462 3420 890 3472; baseline -0.007 -8"><span class='ocrx_word' id='word_1_208' title='bbox 462 3426 497 3464; x_wconf 89' lang='lat'>1.</span> <span class='ocrx_word' id='word_1_209' title='bbox 532 3425 600 3471; x_wconf 85' lang='lat'>53,</span> <span class='ocrx_word' id='word_1_210' title='bbox 630 3425 670 3463; x_wconf 84' lang='lat'>2.</span> <span class='ocrx_word' id='word_1_211' title='bbox 704 3420 836 3472; x_wconf 84' lang='lat'>*116,</span> <span class='ocrx_word' id='word_1_212' title='bbox 869 3424 890 3462; x_wconf 92' lang='lat'>1</span> 
     </span>
    </p>

    <p class='ocr_par' dir='ltr' id='par_1_17' title="bbox 405 3491 866 3552">
     <span class='ocr_line' id='line_1_45' title="bbox 405 3491 866 3552; baseline -0.011 -15"><span class='ocrx_word' id='word_1_213' title='bbox 405 3491 708 3552; x_wconf 86' lang='grc' dir='ltr'><em>διαφόροις</em></span> <span class='ocrx_word' id='word_1_214' title='bbox 739 3494 807 3545; x_wconf 89' lang='grc'>36,</span> <span class='ocrx_word' id='word_1_215' title='bbox 841 3494 866 3533; x_wconf 89' lang='grc'>5</span> 
     </span>
    </p>

    <p class='ocr_par' dir='ltr' id='par_1_18' title="bbox 404 3560 1459 3687">
     <span class='ocr_line' id='line_1_46' title="bbox 404 3560 1459 3619; baseline -0.002 -12"><span class='ocrx_word' id='word_1_216' title='bbox 404 3562 699 3619; x_wconf 80' lang='grc' dir='ltr'><em>*διαχωρίζω</em></span> <span class='ocrx_word' id='word_1_217' title='bbox 746 3561 803 3605; x_wconf 91' lang='lat' dir='ltr'>de</span> <span class='ocrx_word' id='word_1_218' title='bbox 848 3573 1014 3605; x_wconf 90' lang='lat' dir='ltr'>vocum</span> <span class='ocrx_word' id='word_1_219' title='bbox 1059 3560 1348 3618; x_wconf 85' lang='lat' dir='ltr'>singularum</span> <span class='ocrx_word' id='word_1_220' title='bbox 1389 3574 1459 3606; x_wconf 90' lang='lat' dir='ltr'>se-</span> 
     </span>
     <span class='ocr_line' id='line_1_47' title="bbox 458 3634 880 3687; baseline -0.009 -9"><span class='ocrx_word' id='word_1_221' title='bbox 458 3634 695 3678; x_wconf 86' lang='lat' dir='ltr'>iunctione</span> <span class='ocrx_word' id='word_1_222' title='bbox 730 3635 824 3687; x_wconf 83' lang='lat'>114,</span> <span class='ocrx_word' id='word_1_223' title='bbox 854 3636 880 3675; x_wconf 91' lang='lat'>2</span> 
     </span>
    </p>

    <p class='ocr_par' dir='ltr' id='par_1_19' title="bbox 404 3701 1459 3831">
     <span class='ocr_line' id='line_1_48' title="bbox 404 3701 1459 3761; baseline -0.003 -10"><span class='ocrx_word' id='word_1_224' title='bbox 404 3706 551 3751; x_wconf 80' lang='grc' dir='ltr'><em>διδῶ</em></span> <span class='ocrx_word' id='word_1_225' title='bbox 578 3717 668 3749; x_wconf 88' lang='lat' dir='ltr'>vox</span> <span class='ocrx_word' id='word_1_226' title='bbox 698 3701 951 3761; x_wconf 88' lang='lat' dir='ltr'>primitiva,</span> <span class='ocrx_word' id='word_1_227' title='bbox 980 3703 1103 3748; x_wconf 91' lang='lat' dir='ltr'>unde</span> <span class='ocrx_word' id='word_1_228' title='bbox 1135 3702 1376 3748; x_wconf 88' lang='lat' dir='ltr'>derivatur</span> <span class='ocrx_word' id='word_1_229' title='bbox 1395 3703 1459 3748; x_wconf 80' lang='grc' dir='ltr'>δί-</span> 
     </span>
     <span class='ocr_line' id='line_1_49' title="bbox 460 3778 734 3831; baseline 0.004 -12"><span class='ocrx_word' id='word_1_230' title='bbox 460 3778 580 3831; x_wconf 87' lang='grc' dir='ltr'><em>δωμι</em></span> <span class='ocrx_word' id='word_1_231' title='bbox 610 3780 677 3829; x_wconf 89' lang='grc'>59,</span> <span class='ocrx_word' id='word_1_232' title='bbox 708 3780 734 3820; x_wconf 94' lang='lat'>8</span> 
     </span>
    </p>

    <p class='ocr_par' dir='ltr' id='par_1_20' title="bbox 405 3845 1459 3971">
     <span class='ocr_line' id='line_1_50' title="bbox 405 3845 1459 3904; baseline -0.001 -13"><span class='ocrx_word' id='word_1_233' title='bbox 405 3848 620 3904; x_wconf 87' lang='grc' dir='ltr'><em>δίδωμι</em></span> <span class='ocrx_word' id='word_1_234' title='bbox 641 3845 907 3903; x_wconf 88' lang='lat' dir='ltr'>exemplum</span> <span class='ocrx_word' id='word_1_235' title='bbox 929 3845 1273 3901; x_wconf 86' lang='lat' dir='ltr'>coniugationis</span> <span class='ocrx_word' id='word_1_236' title='bbox 1289 3845 1459 3890; x_wconf 86' lang='lat' dir='ltr'>tertiae</span> 
     </span>
     <span class='ocr_line' id='line_1_51' title="bbox 463 3917 1368 3971; baseline 0 -10"><span class='ocrx_word' id='word_1_237' title='bbox 463 3918 712 3962; x_wconf 88' lang='lat' dir='ltr'>verborum</span> <span class='ocrx_word' id='word_1_238' title='bbox 743 3917 792 3961; x_wconf 92' lang='lat' dir='ltr'>in</span> <span class='ocrx_word' id='word_1_239' title='bbox 822 3921 870 3971; x_wconf 61' lang='grc' dir='ltr'><em>ῖι</em></span> <span class='ocrx_word' id='word_1_240' title='bbox 901 3917 1212 3962; x_wconf 91' lang='lat' dir='ltr'>desinentium</span> <span class='ocrx_word' id='word_1_241' title='bbox 1243 3921 1311 3971; x_wconf 88' lang='grc'>59,</span> <span class='ocrx_word' id='word_1_242' title='bbox 1341 3921 1368 3961; x_wconf 92' lang='grc'>8</span> 
     </span>
    </p>

    <p class='ocr_par' dir='ltr' id='par_1_21' title="bbox 406 3987 1458 4116">
     <span class='ocr_line' id='line_1_52' title="bbox 406 3987 1458 4044; baseline -0.002 -12"><span class='ocrx_word' id='word_1_243' title='bbox 406 3990 622 4036; x_wconf 79' lang='grc' dir='ltr'><em>διέξοδος.</em></span> <span class='ocrx_word' id='word_1_244' title='bbox 661 3990 907 4044; x_wconf 83' lang='grc' dir='ltr'><em>δίφθογγοι</em></span> <span class='ocrx_word' id='word_1_245' title='bbox 938 3988 1057 4032; x_wconf 89' lang='grc' dir='ltr'><em>κατὰ</em></span> <span class='ocrx_word' id='word_1_246' title='bbox 1087 3988 1318 4031; x_wconf 76' lang='grc' dir='ltr'><em>διέξοδονε</em></span> <span class='ocrx_word' id='word_1_247' title='bbox 1351 3987 1458 4031; x_wconf 89' lang='lat' dir='ltr'>vide</span> 
     </span>
     <span class='ocr_line' id='line_1_53' title="bbox 462 4059 899 4116; baseline 0 -14"><span class='ocrx_word' id='word_1_248' title='bbox 462 4059 519 4102; x_wconf 91' lang='lat' dir='ltr'>ad</span> <span class='ocrx_word' id='word_1_249' title='bbox 554 4066 620 4112; x_wconf 90' lang='lat'>10,</span> <span class='ocrx_word' id='word_1_250' title='bbox 653 4065 679 4104; x_wconf 89' lang='lat'>8</span> <span class='ocrx_word' id='word_1_251' title='bbox 708 4061 756 4103; x_wconf 92' lang='lat' dir='ltr'>in</span> <span class='ocrx_word' id='word_1_252' title='bbox 787 4075 817 4116; x_wconf 91' lang='lat' dir='ltr'>p</span> <span class='ocrx_word' id='word_1_253' title='bbox 853 4065 899 4103; x_wconf 92' lang='lat'>11</span> 
     </span>
    </p>
   </div>
   <div class='ocr_carea' id='block_1_10' title="bbox 1157 217 1805 281">
    <p class='ocr_par' dir='ltr' id='par_1_22' title="bbox 1157 217 1805 281">
     <span class='ocr_line' id='line_1_54' title="bbox 1157 217 1805 281; baseline 0.003 -3"><span class='ocrx_word' id='word_1_254' title='bbox 1157 217 1451 280; x_wconf 78' lang='grc' dir='ltr'><em>ΔιΑΘέςεις</em></span> <span class='ocrx_word' id='word_1_255' title='bbox 1471 259 1525 267; x_wconf 88' lang='lat'><em>-</em></span> <span class='ocrx_word' id='word_1_256' title='bbox 1546 219 1805 281; x_wconf 73' lang='lat' dir='ltr'>APY&#39;iNoc</span> 
     </span>
    </p>
   </div>
   <div class='ocr_carea' id='block_1_11' title="bbox 1500 362 2586 4112">
    <p class='ocr_par' dir='ltr' id='par_1_23' title="bbox 1501 362 2557 488">
     <span class='ocr_line' id='line_1_55' title="bbox 1501 362 2557 423; baseline 0.003 -16"><span class='ocrx_word' id='word_1_257' title='bbox 1501 362 1794 423; x_wconf 67' lang='grc' dir='ltr'><em>διέφθορα</em></span> <span class='ocrx_word' id='word_1_258' title='bbox 1834 362 2100 420; x_wconf 80' lang='lat' dir='ltr'>exemplum</span> <span class='ocrx_word' id='word_1_259' title='bbox 2131 364 2275 408; x_wconf 91' lang='lat' dir='ltr'>medii</span> <span class='ocrx_word' id='word_1_260' title='bbox 2307 366 2557 410; x_wconf 88' lang='lat' dir='ltr'>verborum</span> 
     </span>
     <span class='ocr_line' id='line_1_56' title="bbox 1558 433 1899 488; baseline -0.003 -12"><span class='ocrx_word' id='word_1_261' title='bbox 1558 433 1744 488; x_wconf 89' lang='lat' dir='ltr'>generis</span> <span class='ocrx_word' id='word_1_262' title='bbox 1775 438 1842 486; x_wconf 89' lang='lat'>49,</span> <span class='ocrx_word' id='word_1_263' title='bbox 1874 437 1899 475; x_wconf 93' lang='grc'><strong>2</strong></span> 
     </span>
    </p>

    <p class='ocr_par' dir='ltr' id='par_1_24' title="bbox 1500 506 1958 559">
     <span class='ocr_line' id='line_1_57' title="bbox 1500 506 1958 559; baseline -0.004 -10"><span class='ocrx_word' id='word_1_264' title='bbox 1500 511 1521 534; x_wconf 76' lang='grc'><strong><em>*</em></strong></span> <span class='ocrx_word' id='word_1_265' title='bbox 1542 506 1747 559; x_wconf 85' lang='grc' dir='ltr'><em>διίαμβος</em></span> <span class='ocrx_word' id='word_1_266' title='bbox 1781 510 1874 558; x_wconf 88' lang='grc'>120,</span> <span class='ocrx_word' id='word_1_267' title='bbox 1908 509 1958 547; x_wconf 92' lang='grc'>12</span> 
     </span>
    </p>

    <p class='ocr_par' dir='ltr' id='par_1_25' title="bbox 1501 575 2560 760">
     <span class='ocr_line' id='line_1_58' title="bbox 1501 575 2560 628; baseline 0.002 -8"><span class='ocrx_word' id='word_1_268' title='bbox 1501 578 1786 621; x_wconf 81' lang='grc' dir='ltr'><em>διιστᾶσιν</em></span> <span class='ocrx_word' id='word_1_269' title='bbox 1819 577 2040 628; x_wconf 86' lang='grc' dir='ltr'><em>(διιςτῶςι</em></span> <span class='ocrx_word' id='word_1_270' title='bbox 2073 575 2205 619; x_wconf 54' lang='lat' dir='ltr'>codd&lt;</span> <span class='ocrx_word' id='word_1_271' title='bbox 2238 577 2492 622; x_wconf 90' lang='lat' dir='ltr'>deteriores</span> <span class='ocrx_word' id='word_1_272' title='bbox 2512 579 2560 622; x_wconf 87' lang='lat' dir='ltr'>et</span> 
     </span>
     <span class='ocr_line' id='line_1_59' title="bbox 1558 644 2558 701; baseline 0.004 -12"><span class='ocrx_word' id='word_1_273' title='bbox 1558 647 1682 701; x_wconf 89' lang='lat' dir='ltr'>edd.)</span> <span class='ocrx_word' id='word_1_274' title='bbox 1729 651 1804 698; x_wconf 87' lang='lat'>91,</span> <span class='ocrx_word' id='word_1_275' title='bbox 1852 651 1872 688; x_wconf 93' lang='lat'>1</span> <span class='ocrx_word' id='word_1_276' title='bbox 1921 644 1979 688; x_wconf 88' lang='lat' dir='ltr'>de</span> <span class='ocrx_word' id='word_1_277' title='bbox 2024 646 2424 692; x_wconf 89' lang='lat' dir='ltr'>coniunctionibus</span> <span class='ocrx_word' id='word_1_278' title='bbox 2469 649 2558 693; x_wconf 89' lang='lat' dir='ltr'>dis-</span> 
     </span>
     <span class='ocr_line' id='line_1_60' title="bbox 1557 716 1980 760; baseline 0.002 -1"><span class='ocrx_word' id='word_1_279' title='bbox 1557 717 1773 760; x_wconf 90' lang='lat' dir='ltr'>iunctivis</span> <span class='ocrx_word' id='word_1_280' title='bbox 1804 716 1980 760; x_wconf 90' lang='lat' dir='ltr'>dictum</span> 
     </span>
    </p>

    <p class='ocr_par' dir='ltr' id='par_1_26' title="bbox 1502 784 2558 915">
     <span class='ocr_line' id='line_1_61' title="bbox 1502 784 2558 835; baseline 0.002 -3"><span class='ocrx_word' id='word_1_281' title='bbox 1502 784 1602 832; x_wconf 83' lang='grc' dir='ltr'><em>διό</em></span> <span class='ocrx_word' id='word_1_282' title='bbox 1620 787 1666 830; x_wconf 91' lang='lat' dir='ltr'>in</span> <span class='ocrx_word' id='word_1_283' title='bbox 1688 801 1882 831; x_wconf 91' lang='lat' dir='ltr'>numero</span> <span class='ocrx_word' id='word_1_284' title='bbox 1905 788 2281 833; x_wconf 90' lang='lat' dir='ltr'>coniunctionum</span> <span class='ocrx_word' id='word_1_285' title='bbox 2303 790 2558 835; x_wconf 82' lang='lat' dir='ltr'>causalium</span> 
     </span>
     <span class='ocr_line' id='line_1_62' title="bbox 1560 863 1786 915; baseline 0 -13"><span class='ocrx_word' id='word_1_286' title='bbox 1560 866 1630 902; x_wconf 83' lang='lat' dir='ltr'>est</span> <span class='ocrx_word' id='word_1_287' title='bbox 1660 863 1729 915; x_wconf 89' lang='lat'>94,</span> <span class='ocrx_word' id='word_1_288' title='bbox 1764 865 1786 902; x_wconf 97' lang='lat'>1</span> 
     </span>
    </p>

    <p class='ocr_par' dir='ltr' id='par_1_27' title="bbox 1502 931 2555 1056">
     <span class='ocr_line' id='line_1_63' title="bbox 1502 931 2555 987; baseline 0.005 -14"><span class='ocrx_word' id='word_1_289' title='bbox 1502 931 1779 985; x_wconf 90' lang='grc' dir='ltr'><em>*Διομήδης</em></span> <span class='ocrx_word' id='word_1_290' title='bbox 1818 931 2086 987; x_wconf 89' lang='lat' dir='ltr'>exemplum</span> <span class='ocrx_word' id='word_1_291' title='bbox 2125 931 2266 976; x_wconf 88' lang='lat' dir='ltr'>ionici</span> <span class='ocrx_word' id='word_1_292' title='bbox 2306 933 2397 978; x_wconf 80' lang='grc' dir='ltr'>ἀπ’</span> <span class='ocrx_word' id='word_1_293' title='bbox 2428 933 2555 978; x_wconf 83' lang='grc' dir='ltr'><em>ἐλάς·</em></span> 
     </span>
     <span class='ocr_line' id='line_1_64' title="bbox 1560 1006 1879 1056; baseline -0.003 -10"><span class='ocrx_word' id='word_1_294' title='bbox 1560 1015 1693 1046; x_wconf 91' lang='grc' dir='ltr'><em>ςονος</em></span> <span class='ocrx_word' id='word_1_295' title='bbox 1728 1006 1820 1056; x_wconf 87' lang='grc'>120,</span> <span class='ocrx_word' id='word_1_296' title='bbox 1854 1006 1879 1045; x_wconf 94' lang='grc'>9</span> 
     </span>
    </p>

    <p class='ocr_par' dir='ltr' id='par_1_28' title="bbox 1501 1071 2556 1129">
     <span class='ocr_line' id='line_1_65' title="bbox 1501 1071 2556 1129; baseline 0.002 -14"><span class='ocrx_word' id='word_1_297' title='bbox 1501 1073 1748 1121; x_wconf 79' lang='grc' dir='ltr'><em>Διονυςίου</em></span> <span class='ocrx_word' id='word_1_298' title='bbox 1778 1071 1827 1115; x_wconf 93' lang='lat' dir='ltr'>in</span> <span class='ocrx_word' id='word_1_299' title='bbox 1848 1072 1962 1116; x_wconf 89' lang='lat' dir='ltr'>artis</span> <span class='ocrx_word' id='word_1_300' title='bbox 1982 1072 2302 1129; x_wconf 79' lang='lat' dir='ltr'>inscriptione,</span> <span class='ocrx_word' id='word_1_301' title='bbox 2323 1073 2428 1118; x_wconf 86' lang='lat' dir='ltr'>vide</span> <span class='ocrx_word' id='word_1_302' title='bbox 2451 1073 2556 1117; x_wconf 90' lang='lat' dir='ltr'>adn.</span> 
     </span>
    </p>

    <p class='ocr_par' dir='ltr' id='par_1_29' title="bbox 1501 1138 2560 1627">
     <span class='ocr_line' id='line_1_66' title="bbox 1501 1138 2555 1188; baseline 0.001 -1"><span class='ocrx_word' id='word_1_303' title='bbox 1501 1138 1655 1188; x_wconf 77' lang='grc' dir='ltr'><em>διὸτι</em></span> <span class='ocrx_word' id='word_1_304' title='bbox 1684 1143 1734 1185; x_wconf 90' lang='lat' dir='ltr'>in</span> <span class='ocrx_word' id='word_1_305' title='bbox 1762 1157 1956 1188; x_wconf 89' lang='lat' dir='ltr'>numero</span> <span class='ocrx_word' id='word_1_306' title='bbox 1989 1144 2368 1188; x_wconf 90' lang='lat' dir='ltr'>coniunctionum</span> <span class='ocrx_word' id='word_1_307' title='bbox 2398 1157 2555 1188; x_wconf 88' lang='lat' dir='ltr'>causa-</span> 
     </span>
     <span class='ocr_line' id='line_1_67' title="bbox 1556 1213 2559 1271; baseline 0.002 -15"><span class='ocrx_word' id='word_1_308' title='bbox 1556 1213 1669 1256; x_wconf 90' lang='lat' dir='ltr'>lium</span> <span class='ocrx_word' id='word_1_309' title='bbox 1690 1215 1889 1258; x_wconf 89' lang='lat' dir='ltr'>refertur</span> <span class='ocrx_word' id='word_1_310' title='bbox 1905 1220 1974 1271; x_wconf 87' lang='grc'>94,</span> <span class='ocrx_word' id='word_1_311' title='bbox 1999 1220 2036 1259; x_wconf 90' lang='lat'>1.</span> <span class='ocrx_word' id='word_1_312' title='bbox 2081 1215 2189 1259; x_wconf 88' lang='lat' dir='ltr'>vide</span> <span class='ocrx_word' id='word_1_313' title='bbox 2212 1215 2559 1259; x_wconf 88' lang='lat' dir='ltr'>adnotationem</span> 
     </span>
     <span class='ocr_line' id='line_1_68' title="bbox 1559 1284 2559 1342; baseline 0.002 -15"><span class='ocrx_word' id='word_1_314' title='bbox 1559 1284 1616 1327; x_wconf 90' lang='lat' dir='ltr'>de</span> <span class='ocrx_word' id='word_1_315' title='bbox 1657 1297 1713 1327; x_wconf 89' lang='lat' dir='ltr'>ea</span> <span class='ocrx_word' id='word_1_316' title='bbox 1749 1284 2022 1330; x_wconf 87' lang='lat' dir='ltr'>scribendae</span> <span class='ocrx_word' id='word_1_317' title='bbox 2062 1286 2188 1330; x_wconf 86' lang='lat' dir='ltr'>vocis</span> <span class='ocrx_word' id='word_1_318' title='bbox 2226 1286 2407 1330; x_wconf 89' lang='lat' dir='ltr'>ratione</span> <span class='ocrx_word' id='word_1_319' title='bbox 2437 1298 2559 1342; x_wconf 89' lang='lat' dir='ltr'>quae</span> 
     </span>
     <span class='ocr_line' id='line_1_69' title="bbox 1558 1355 2559 1414; baseline 0.002 -17"><span class='ocrx_word' id='word_1_320' title='bbox 1558 1355 1774 1398; x_wconf 87' lang='lat' dir='ltr'>convenit</span> <span class='ocrx_word' id='word_1_321' title='bbox 1801 1355 2063 1412; x_wconf 81' lang='lat' dir='ltr'>Tryphonis</span> <span class='ocrx_word' id='word_1_322' title='bbox 2102 1359 2150 1400; x_wconf 90' lang='lat' dir='ltr'>et</span> <span class='ocrx_word' id='word_1_323' title='bbox 2179 1356 2417 1414; x_wconf 88' lang='lat' dir='ltr'>Apollonii</span> <span class='ocrx_word' id='word_1_324' title='bbox 2443 1356 2559 1412; x_wconf 82' lang='lat' dir='ltr'>Dys-</span> 
     </span>
     <span class='ocr_line' id='line_1_70' title="bbox 1557 1425 2560 1484; baseline 0.002 -16"><span class='ocrx_word' id='word_1_325' title='bbox 1557 1425 1649 1468; x_wconf 91' lang='lat' dir='ltr'>coli</span> <span class='ocrx_word' id='word_1_326' title='bbox 1689 1425 1943 1472; x_wconf 88' lang='lat' dir='ltr'>doctrinae.</span> <span class='ocrx_word' id='word_1_327' title='bbox 2017 1428 2316 1484; x_wconf 87' lang='lat' dir='ltr'>[usurpatum</span> <span class='ocrx_word' id='word_1_328' title='bbox 2345 1429 2463 1472; x_wconf 80' lang='grc' dir='ltr'><em>διότι</em></span> <span class='ocrx_word' id='word_1_329' title='bbox 2493 1428 2560 1470; x_wconf 90' lang='lat' dir='ltr'>in-</span> 
     </span>
     <span class='ocr_line' id='line_1_71' title="bbox 1557 1496 2559 1553; baseline 0 -13"><span class='ocrx_word' id='word_1_330' title='bbox 1557 1496 1743 1541; x_wconf 86' lang='lat' dir='ltr'>venitur</span> <span class='ocrx_word' id='word_1_331' title='bbox 1773 1497 1822 1540; x_wconf 91' lang='lat' dir='ltr'>in</span> <span class='ocrx_word' id='word_1_332' title='bbox 1853 1498 1987 1546; x_wconf 81' lang='lat' dir='ltr'>codd,</span> <span class='ocrx_word' id='word_1_333' title='bbox 2011 1498 2321 1542; x_wconf 83' lang='lat' dir='ltr'>deterioribus</span> <span class='ocrx_word' id='word_1_334' title='bbox 2352 1503 2391 1553; x_wconf 92' lang='lat'>9,</span> <span class='ocrx_word' id='word_1_335' title='bbox 2414 1502 2459 1553; x_wconf 89' lang='lat'>8,</span> <span class='ocrx_word' id='word_1_336' title='bbox 2478 1498 2559 1541; x_wconf 89' lang='lat' dir='ltr'>ubi</span> 
     </span>
     <span class='ocr_line' id='line_1_72' title="bbox 1556 1567 2152 1627; baseline 0.005 -17"><span class='ocrx_word' id='word_1_337' title='bbox 1556 1567 1774 1612; x_wconf 86' lang='lat' dir='ltr'>meliores</span> <span class='ocrx_word' id='word_1_338' title='bbox 1804 1570 1876 1613; x_wconf 87' lang='grc' dir='ltr'><em>ὅτι</em></span> <span class='ocrx_word' id='word_1_339' title='bbox 1909 1569 2152 1627; x_wconf 85' lang='lat' dir='ltr'>exhibent]</span> 
     </span>
    </p>

    <p class='ocr_par' dir='ltr' id='par_1_30' title="bbox 1501 1639 2556 1766">
     <span class='ocr_line' id='line_1_73' title="bbox 1501 1639 2556 1697; baseline -0.002 -13"><span class='ocrx_word' id='word_1_340' title='bbox 1501 1640 1740 1696; x_wconf 79' lang='grc' dir='ltr'><em>διπλοῦς</em></span> <span class='ocrx_word' id='word_1_341' title='bbox 1779 1639 1837 1683; x_wconf 92' lang='lat' dir='ltr'>de</span> <span class='ocrx_word' id='word_1_342' title='bbox 1877 1639 2238 1684; x_wconf 86' lang='lat' dir='ltr'>consonantibus</span> <span class='ocrx_word' id='word_1_343' title='bbox 2270 1639 2556 1697; x_wconf 87' lang='lat' dir='ltr'>duplicibus:</span> 
     </span>
     <span class='ocr_line' id='line_1_74' title="bbox 1559 1709 2503 1766; baseline 0 -13"><span class='ocrx_word' id='word_1_344' title='bbox 1559 1711 1761 1755; x_wconf 81' lang='grc' dir='ltr'><em>διπλοῦν</em></span> <span class='ocrx_word' id='word_1_345' title='bbox 1795 1717 1860 1766; x_wconf 88' lang='grc'>19,</span> <span class='ocrx_word' id='word_1_346' title='bbox 1893 1717 1918 1754; x_wconf 91' lang='grc'><strong>2</strong></span> <span class='ocrx_word' id='word_1_347' title='bbox 1950 1712 1998 1755; x_wconf 87' lang='lat' dir='ltr'>et</span> <span class='ocrx_word' id='word_1_348' title='bbox 2027 1717 2067 1756; x_wconf 89' lang='lat'>3.</span> <span class='ocrx_word' id='word_1_349' title='bbox 2114 1713 2255 1755; x_wconf 86' lang='grc' dir='ltr'><em>διπλᾶ</em></span> <span class='ocrx_word' id='word_1_350' title='bbox 2287 1715 2353 1766; x_wconf 88' lang='grc'>14,</span> <span class='ocrx_word' id='word_1_351' title='bbox 2382 1716 2410 1754; x_wconf 84' lang='grc'>4</span> <span class='ocrx_word' id='word_1_352' title='bbox 2430 1709 2503 1754; x_wconf 89' lang='lat' dir='ltr'>bis</span> 
     </span>
    </p>

    <p class='ocr_par' dir='ltr' id='par_1_31' title="bbox 1503 1781 2560 2192">
     <span class='ocr_line' id='line_1_75' title="bbox 1503 1781 2560 1843; baseline -0.002 -17"><span class='ocrx_word' id='word_1_353' title='bbox 1503 1781 1861 1843; x_wconf 80' lang='grc' dir='ltr'><em>διπρόσωποι</em></span> <span class='ocrx_word' id='word_1_354' title='bbox 1891 1782 2195 1836; x_wconf 84' lang='grc' dir='ltr'><em>ἀντωνυμίαι.</em></span> <span class='ocrx_word' id='word_1_355' title='bbox 2253 1782 2342 1826; x_wconf 88' lang='lat' dir='ltr'>hac</span> <span class='ocrx_word' id='word_1_356' title='bbox 2373 1793 2560 1836; x_wconf 90' lang='lat' dir='ltr'>quoque</span> 
     </span>
     <span class='ocr_line' id='line_1_76' title="bbox 1559 1852 2559 1909; baseline 0 -14"><span class='ocrx_word' id='word_1_357' title='bbox 1559 1853 1876 1909; x_wconf 87' lang='lat' dir='ltr'>appellatione</span> <span class='ocrx_word' id='word_1_358' title='bbox 1919 1853 2080 1897; x_wconf 89' lang='lat' dir='ltr'>vocari</span> <span class='ocrx_word' id='word_1_359' title='bbox 2128 1852 2408 1909; x_wconf 85' lang='lat' dir='ltr'>pronomina</span> <span class='ocrx_word' id='word_1_360' title='bbox 2451 1865 2559 1908; x_wconf 88' lang='lat' dir='ltr'>pos·</span> 
     </span>
     <span class='ocr_line' id='line_1_77' title="bbox 1558 1922 2559 1979; baseline -0.001 -13"><span class='ocrx_word' id='word_1_361' title='bbox 1558 1923 1734 1967; x_wconf 87' lang='lat' dir='ltr'>sessiva</span> <span class='ocrx_word' id='word_1_362' title='bbox 1756 1924 1904 1968; x_wconf 83' lang='lat' dir='ltr'>tradit·</span> <span class='ocrx_word' id='word_1_363' title='bbox 1919 1924 1975 1972; x_wconf 85' lang='lat' dir='ltr'>D.</span> <span class='ocrx_word' id='word_1_364' title='bbox 2015 1929 2083 1976; x_wconf 88' lang='grc'>68,</span> <span class='ocrx_word' id='word_1_365' title='bbox 2102 1930 2143 1968; x_wconf 90' lang='grc'>4.</span> <span class='ocrx_word' id='word_1_366' title='bbox 2181 1924 2230 1967; x_wconf 86' lang='lat' dir='ltr'>id</span> <span class='ocrx_word' id='word_1_367' title='bbox 2251 1923 2377 1979; x_wconf 89' lang='lat' dir='ltr'>quod</span> <span class='ocrx_word' id='word_1_368' title='bbox 2400 1922 2559 1976; x_wconf 87' lang='lat' dir='ltr'>fiebat,</span> 
     </span>
     <span class='ocr_line' id='line_1_78' title="bbox 1559 1994 2559 2052; baseline 0.001 -15"><span class='ocrx_word' id='word_1_369' title='bbox 1559 1994 1671 2048; x_wconf 89' lang='lat' dir='ltr'>quia</span> <span class='ocrx_word' id='word_1_370' title='bbox 1708 1994 1788 2051; x_wconf 90' lang='lat' dir='ltr'>qui</span> <span class='ocrx_word' id='word_1_371' title='bbox 1826 1995 1898 2038; x_wconf 87' lang='lat' dir='ltr'>his</span> <span class='ocrx_word' id='word_1_372' title='bbox 1928 1995 2078 2039; x_wconf 85' lang='lat' dir='ltr'>utitur</span> <span class='ocrx_word' id='word_1_373' title='bbox 2117 1995 2296 2052; x_wconf 87' lang='lat' dir='ltr'>cogitat</span> <span class='ocrx_word' id='word_1_374' title='bbox 2333 2006 2559 2051; x_wconf 81' lang='lat' dir='ltr'>personas</span> 
     </span>
     <span class='ocr_line' id='line_1_79' title="bbox 1558 2063 2560 2124; baseline 0 -16"><span class='ocrx_word' id='word_1_375' title='bbox 1558 2067 1605 2108; x_wconf 90' lang='lat' dir='ltr'>et</span> <span class='ocrx_word' id='word_1_376' title='bbox 1634 2066 1913 2121; x_wconf 80' lang='lat' dir='ltr'>possessoris</span> <span class='ocrx_word' id='word_1_377' title='bbox 1944 2067 1992 2110; x_wconf 91' lang='lat' dir='ltr'>et</span> <span class='ocrx_word' id='word_1_378' title='bbox 2019 2066 2240 2124; x_wconf 89' lang='lat' dir='ltr'>possessi:</span> <span class='ocrx_word' id='word_1_379' title='bbox 2272 2064 2380 2109; x_wconf 89' lang='lat' dir='ltr'>vide</span> <span class='ocrx_word' id='word_1_380' title='bbox 2399 2063 2560 2108; x_wconf 86' lang='lat' dir='ltr'>adnot.</span> 
     </span>
     <span class='ocr_line' id='line_1_80' title="bbox 1557 2135 2214 2192; baseline 0.005 -13"><span class='ocrx_word' id='word_1_381' title='bbox 1557 2135 1616 2179; x_wconf 88' lang='lat' dir='ltr'>ad</span> <span class='ocrx_word' id='word_1_382' title='bbox 1648 2135 1675 2179; x_wconf 93' lang='grc'>1.</span> <span class='ocrx_word' id='word_1_383' title='bbox 1708 2136 1737 2183; x_wconf 92' lang='lat' dir='ltr'>l.</span> <span class='ocrx_word' id='word_1_384' title='bbox 1771 2138 1818 2181; x_wconf 90' lang='lat' dir='ltr'>et</span> <span class='ocrx_word' id='word_1_385' title='bbox 1849 2142 2214 2192; x_wconf 83' lang='grc' dir='ltr'><em>μονοπρόςωποι</em></span> 
     </span>
    </p>

    <p class='ocr_par' dir='ltr' id='par_1_32' title="bbox 1501 2207 2586 2332">
     <span class='ocr_line' id='line_1_81' title="bbox 1501 2207 2586 2264; baseline 0 -13"><span class='ocrx_word' id='word_1_386' title='bbox 1501 2207 1590 2262; x_wconf 84' lang='grc' dir='ltr'>δίς</span> <span class='ocrx_word' id='word_1_387' title='bbox 1617 2207 1885 2264; x_wconf 82' lang='lat' dir='ltr'>exemplum</span> <span class='ocrx_word' id='word_1_388' title='bbox 1901 2207 2232 2253; x_wconf 89' lang='lat' dir='ltr'>adverbiorum</span> <span class='ocrx_word' id='word_1_389' title='bbox 2252 2207 2561 2253; x_wconf 84' lang='lat' dir='ltr'>numeralium</span> <span class='ocrx_word' id='word_1_390' title='bbox 2583 2220 2586 2223; x_wconf 87' lang='lat'>·</span> 
     </span>
     <span class='ocr_line' id='line_1_82' title="bbox 1559 2281 1680 2332; baseline -0.008 -11"><span class='ocrx_word' id='word_1_391' title='bbox 1559 2281 1627 2332; x_wconf 84' lang='lat'>76,</span> <span class='ocrx_word' id='word_1_392' title='bbox 1662 2284 1680 2320; x_wconf 95' lang='lat'>1</span> 
     </span>
    </p>

    <p class='ocr_par' dir='ltr' id='par_1_33' title="bbox 1501 2349 2011 2406">
     <span class='ocr_line' id='line_1_83' title="bbox 1501 2349 2011 2406; baseline 0.008 -15"><span class='ocrx_word' id='word_1_393' title='bbox 1501 2349 1825 2394; x_wconf 76' lang='grc' dir='ltr'><em>*διςπόνδειος</em></span> <span class='ocrx_word' id='word_1_394' title='bbox 1859 2356 1952 2406; x_wconf 91' lang='grc'>121,</span> <span class='ocrx_word' id='word_1_395' title='bbox 1985 2355 2011 2395; x_wconf 92' lang='grc'>8</span> 
     </span>
    </p>

    <p class='ocr_par' dir='ltr' id='par_1_34' title="bbox 1501 2418 2559 2548">
     <span class='ocr_line' id='line_1_84' title="bbox 1501 2418 2559 2478; baseline 0 -13"><span class='ocrx_word' id='word_1_396' title='bbox 1501 2418 1840 2478; x_wconf 82' lang='grc' dir='ltr'><em>δισύλλαβοι</em></span> <span class='ocrx_word' id='word_1_397' title='bbox 1886 2423 2124 2478; x_wconf 86' lang='grc' dir='ltr'><em>προθέςεις</em></span> <span class='ocrx_word' id='word_1_398' title='bbox 2164 2427 2241 2478; x_wconf 88' lang='grc'>71,</span> <span class='ocrx_word' id='word_1_399' title='bbox 2275 2426 2313 2470; x_wconf 92' lang='grc'>2.</span> <span class='ocrx_word' id='word_1_400' title='bbox 2359 2446 2414 2452; x_wconf 93' lang='grc'><strong>-</strong></span> <span class='ocrx_word' id='word_1_401' title='bbox 2458 2423 2559 2465; x_wconf 71' lang='grc' dir='ltr'>Ι’δι-</span> 
     </span>
     <span class='ocr_line' id='line_1_85' title="bbox 1560 2492 2279 2548; baseline 0.006 -14"><span class='ocrx_word' id='word_1_402' title='bbox 1560 2492 1783 2546; x_wconf 84' lang='grc' dir='ltr'><em>ςύλλαβοι</em></span> <span class='ocrx_word' id='word_1_403' title='bbox 1813 2495 1956 2538; x_wconf 88' lang='grc' dir='ltr'><em>πόδες</em></span> <span class='ocrx_word' id='word_1_404' title='bbox 1990 2498 2085 2548; x_wconf 90' lang='grc'>117,</span> <span class='ocrx_word' id='word_1_405' title='bbox 2117 2498 2141 2537; x_wconf 94' lang='grc'>7</span> <span class='ocrx_word' id='word_1_406' title='bbox 2174 2494 2223 2537; x_wconf 90' lang='lat' dir='ltr'>et</span> <span class='ocrx_word' id='word_1_407' title='bbox 2251 2498 2279 2538; x_wconf 93' lang='lat'>8</span> 
     </span>
    </p>

    <p class='ocr_par' dir='ltr' id='par_1_35' title="bbox 1504 2563 1982 2620">
     <span class='ocr_line' id='line_1_86' title="bbox 1504 2563 1982 2620; baseline 0.004 -16"><span class='ocrx_word' id='word_1_408' title='bbox 1504 2563 1797 2617; x_wconf 77' lang='grc' dir='ltr'><em>*διτρόχαιος</em></span> <span class='ocrx_word' id='word_1_409' title='bbox 1831 2569 1926 2620; x_wconf 85' lang='grc'>121,</span> <span class='ocrx_word' id='word_1_410' title='bbox 1962 2569 1982 2606; x_wconf 94' lang='grc'>1</span> 
     </span>
    </p>

    <p class='ocr_par' dir='ltr' id='par_1_36' title="bbox 1503 2634 2561 2906">
     <span class='ocr_line' id='line_1_87' title="bbox 1503 2634 2558 2691; baseline 0 -13"><span class='ocrx_word' id='word_1_411' title='bbox 1503 2634 1839 2691; x_wconf 74' lang='grc' dir='ltr'><em>δίφθογγος.</em></span> <span class='ocrx_word' id='word_1_412' title='bbox 1878 2637 2139 2689; x_wconf 83' lang='grc' dir='ltr'><em>διφθόγγου</em></span> <span class='ocrx_word' id='word_1_413' title='bbox 2171 2640 2247 2689; x_wconf 87' lang='grc'>58,</span> <span class='ocrx_word' id='word_1_414' title='bbox 2282 2640 2303 2678; x_wconf 96' lang='grc'>1</span> <span class='ocrx_word' id='word_1_415' title='bbox 2344 2635 2423 2690; x_wconf 91' lang='grc' dir='ltr'><em>(ει)</em></span> <span class='ocrx_word' id='word_1_416' title='bbox 2454 2635 2502 2679; x_wconf 86' lang='lat' dir='ltr'>et</span> <span class='ocrx_word' id='word_1_417' title='bbox 2531 2639 2558 2678; x_wconf 90' lang='lat'><strong>3</strong></span> 
     </span>
     <span class='ocr_line' id='line_1_88' title="bbox 1534 2704 2561 2762; baseline 0.001 -14"><span class='ocrx_word' id='word_1_418' title='bbox 1534 2704 1615 2759; x_wconf 87' lang='grc' dir='ltr'>(ᾳ).</span> <span class='ocrx_word' id='word_1_419' title='bbox 1648 2708 1724 2759; x_wconf 90' lang='grc'>59,</span> <span class='ocrx_word' id='word_1_420' title='bbox 1758 2712 1778 2748; x_wconf 89' lang='grc'>1</span> <span class='ocrx_word' id='word_1_421' title='bbox 1813 2708 1906 2762; x_wconf 85' lang='grc' dir='ltr'><em>(οι),</em></span> <span class='ocrx_word' id='word_1_422' title='bbox 1970 2707 2215 2762; x_wconf 81' lang='grc' dir='ltr'><em>δίφθογγοι</em></span> <span class='ocrx_word' id='word_1_423' title='bbox 2248 2711 2321 2760; x_wconf 89' lang='grc'>10,</span> <span class='ocrx_word' id='word_1_424' title='bbox 2351 2711 2378 2751; x_wconf 93' lang='grc'>8</span> <span class='ocrx_word' id='word_1_425' title='bbox 2410 2712 2473 2760; x_wconf 86' lang='grc' dir='ltr'><em>(αι</em></span> <span class='ocrx_word' id='word_1_426' title='bbox 2502 2719 2561 2750; x_wconf 88' lang='grc' dir='ltr'><em>αυ</em></span> 
     </span>
     <span class='ocr_line' id='line_1_89' title="bbox 1560 2777 2561 2834; baseline 0.003 -16"><span class='ocrx_word' id='word_1_427' title='bbox 1560 2788 1599 2819; x_wconf 90' lang='grc' dir='ltr'><em>ει</em></span> <span class='ocrx_word' id='word_1_428' title='bbox 1632 2789 1682 2819; x_wconf 90' lang='grc' dir='ltr'>ευ</span> <span class='ocrx_word' id='word_1_429' title='bbox 1715 2790 1757 2820; x_wconf 91' lang='grc' dir='ltr'><em>οι</em></span> <span class='ocrx_word' id='word_1_430' title='bbox 1787 2781 1875 2832; x_wconf 85' lang='grc' dir='ltr'>ου).</span> <span class='ocrx_word' id='word_1_431' title='bbox 1943 2780 2217 2834; x_wconf 86' lang='grc' dir='ltr'><em>διφθόγγων</em></span> <span class='ocrx_word' id='word_1_432' title='bbox 2249 2782 2325 2834; x_wconf 86' lang='grc'>18,</span> <span class='ocrx_word' id='word_1_433' title='bbox 2356 2782 2396 2825; x_wconf 85' lang='lat'>2.</span> <span class='ocrx_word' id='word_1_434' title='bbox 2442 2777 2561 2833; x_wconf 83' lang='grc' dir='ltr'><em>*τῆς</em></span> 
     </span>
     <span class='ocr_line' id='line_1_90' title="bbox 1558 2846 2158 2906; baseline 0 -12"><span class='ocrx_word' id='word_1_435' title='bbox 1558 2846 1684 2906; x_wconf 75' lang='grc' dir='ltr'><em>&lt;ο“ιι“&gt;</em></span> <span class='ocrx_word' id='word_1_436' title='bbox 1714 2849 1972 2906; x_wconf 78' lang='grc' dir='ltr'><em>διφθόγγου</em></span> <span class='ocrx_word' id='word_1_437' title='bbox 2006 2855 2100 2903; x_wconf 91' lang='grc'>122,</span> <span class='ocrx_word' id='word_1_438' title='bbox 2132 2854 2158 2894; x_wconf 89' lang='grc'>9</span> 
     </span>
    </p>

    <p class='ocr_par' dir='ltr' id='par_1_37' title="bbox 1503 2918 2188 2978">
     <span class='ocr_line' id='line_1_91' title="bbox 1503 2918 2188 2978; baseline -0.003 -12"><span class='ocrx_word' id='word_1_439' title='bbox 1503 2918 1641 2976; x_wconf 85' lang='grc' dir='ltr'><em>δίχα</em></span> <span class='ocrx_word' id='word_1_440' title='bbox 1672 2934 1777 2965; x_wconf 90' lang='lat' dir='ltr'>cum</span> <span class='ocrx_word' id='word_1_441' title='bbox 1808 2920 2030 2978; x_wconf 86' lang='lat' dir='ltr'>genetivo</span> <span class='ocrx_word' id='word_1_442' title='bbox 2060 2925 2132 2976; x_wconf 88' lang='lat'>60,</span> <span class='ocrx_word' id='word_1_443' title='bbox 2162 2927 2188 2964; x_wconf 91' lang='lat'>4</span> 
     </span>
    </p>

    <p class='ocr_par' dir='ltr' id='par_1_38' title="bbox 1503 2990 2559 3191">
     <span class='ocr_line' id='line_1_92' title="bbox 1503 2990 2559 3052; baseline -0.001 -15"><span class='ocrx_word' id='word_1_444' title='bbox 1503 2993 1745 3052; x_wconf 78' lang='grc' dir='ltr'><em>δίχρονα</em></span> <span class='ocrx_word' id='word_1_445' title='bbox 1784 2993 2013 3036; x_wconf 87' lang='lat' dir='ltr'>vocantur</span> <span class='ocrx_word' id='word_1_446' title='bbox 2042 2992 2227 3037; x_wconf 82' lang='lat' dir='ltr'>vocales</span> <span class='ocrx_word' id='word_1_447' title='bbox 2259 2990 2485 3048; x_wconf 88' lang='lat' dir='ltr'>ancipites</span> <span class='ocrx_word' id='word_1_448' title='bbox 2513 2994 2559 3047; x_wconf 81' lang='grc' dir='ltr'>δι’,</span> 
     </span>
     <span class='ocr_line' id='line_1_93' title="bbox 1557 3063 2559 3119; baseline 0.001 -12"><span class='ocrx_word' id='word_1_449' title='bbox 1557 3064 1590 3118; x_wconf 86' lang='grc' dir='ltr'>ῑ,</span> <span class='ocrx_word' id='word_1_450' title='bbox 1622 3066 1651 3107; x_wconf 72' lang='lat' dir='ltr'>fi</span> <span class='ocrx_word' id='word_1_451' title='bbox 1685 3068 1751 3118; x_wconf 91' lang='lat'>10,</span> <span class='ocrx_word' id='word_1_452' title='bbox 1781 3068 1806 3107; x_wconf 93' lang='lat'>2</span> <span class='ocrx_word' id='word_1_453' title='bbox 1828 3063 1912 3108; x_wconf 88' lang='lat' dir='ltr'>bis.</span> <span class='ocrx_word' id='word_1_454' title='bbox 1946 3069 2012 3118; x_wconf 90' lang='lat'>18,</span> <span class='ocrx_word' id='word_1_455' title='bbox 2045 3068 2083 3111; x_wconf 89' lang='lat'>1.</span> <span class='ocrx_word' id='word_1_456' title='bbox 2114 3069 2183 3119; x_wconf 92' lang='grc'>20,</span> <span class='ocrx_word' id='word_1_457' title='bbox 2218 3069 2254 3110; x_wconf 88' lang='grc'>1.</span> <span class='ocrx_word' id='word_1_458' title='bbox 2287 3089 2341 3096; x_wconf 89' lang='grc'><strong>-</strong></span> <span class='ocrx_word' id='word_1_459' title='bbox 2373 3063 2559 3119; x_wconf 86' lang='grc' dir='ltr'><em>*δίχρο-</em></span> 
     </span>
     <span class='ocr_line' id='line_1_94' title="bbox 1559 3136 1972 3191; baseline 0 -13"><span class='ocrx_word' id='word_1_460' title='bbox 1559 3148 1640 3179; x_wconf 92' lang='grc' dir='ltr'><em>νος</em></span> <span class='ocrx_word' id='word_1_461' title='bbox 1671 3136 1791 3179; x_wconf 88' lang='grc' dir='ltr'><em>πούς</em></span> <span class='ocrx_word' id='word_1_462' title='bbox 1823 3138 1919 3191; x_wconf 87' lang='grc'>118,</span> <span class='ocrx_word' id='word_1_463' title='bbox 1953 3140 1972 3178; x_wconf 95' lang='grc'>1</span> 
     </span>
    </p>

    <p class='ocr_par' dir='ltr' id='par_1_39' title="bbox 1503 3205 2561 3332">
     <span class='ocr_line' id='line_1_95' title="bbox 1503 3205 2561 3263; baseline -0.002 -13"><span class='ocrx_word' id='word_1_464' title='bbox 1503 3206 1651 3252; x_wconf 82' lang='grc' dir='ltr'><em>Δίων</em></span> <span class='ocrx_word' id='word_1_465' title='bbox 1695 3206 1961 3263; x_wconf 89' lang='lat' dir='ltr'>exemplum</span> <span class='ocrx_word' id='word_1_466' title='bbox 2007 3206 2245 3250; x_wconf 89' lang='lat' dir='ltr'>nominum</span> <span class='ocrx_word' id='word_1_467' title='bbox 2282 3205 2561 3250; x_wconf 88' lang='lat' dir='ltr'>masculino-</span> 
     </span>
     <span class='ocr_line' id='line_1_96' title="bbox 1559 3276 2300 3332; baseline 0.001 -12"><span class='ocrx_word' id='word_1_468' title='bbox 1559 3291 1663 3321; x_wconf 91' lang='lat' dir='ltr'>rum</span> <span class='ocrx_word' id='word_1_469' title='bbox 1693 3276 1742 3320; x_wconf 90' lang='lat' dir='ltr'>in</span> <span class='ocrx_word' id='word_1_470' title='bbox 1770 3281 1800 3320; x_wconf 66' lang='lat' dir='ltr'><strong>V</strong></span> <span class='ocrx_word' id='word_1_471' title='bbox 1831 3277 2142 3322; x_wconf 90' lang='lat' dir='ltr'>desinentium</span> <span class='ocrx_word' id='word_1_472' title='bbox 2174 3282 2241 3332; x_wconf 91' lang='grc'>15,</span> <span class='ocrx_word' id='word_1_473' title='bbox 2274 3282 2300 3321; x_wconf 89' lang='grc'><strong>2</strong></span> 
     </span>
    </p>

    <p class='ocr_par' dir='ltr' id='par_1_40' title="bbox 1505 3345 2561 3616">
     <span class='ocr_line' id='line_1_97' title="bbox 1505 3345 2560 3404; baseline -0.003 -10"><span class='ocrx_word' id='word_1_474' title='bbox 1505 3345 1794 3404; x_wconf 80' lang='grc' dir='ltr'><em>διώνυμον</em></span> <span class='ocrx_word' id='word_1_475' title='bbox 1824 3349 2000 3403; x_wconf 82' lang='grc' dir='ltr'><em>ὄνομα,</em></span> <span class='ocrx_word' id='word_1_476' title='bbox 2028 3361 2199 3392; x_wconf 90' lang='lat' dir='ltr'>nomen</span> <span class='ocrx_word' id='word_1_477' title='bbox 2229 3347 2405 3404; x_wconf 89' lang='lat' dir='ltr'>duplex</span> <span class='ocrx_word' id='word_1_478' title='bbox 2433 3347 2560 3403; x_wconf 89' lang='lat' dir='ltr'>quod</span> 
     </span>
     <span class='ocr_line' id='line_1_98' title="bbox 1561 3417 2559 3476; baseline 0.001 -15"><span class='ocrx_word' id='word_1_479' title='bbox 1561 3417 1619 3462; x_wconf 92' lang='lat' dir='ltr'>de</span> <span class='ocrx_word' id='word_1_480' title='bbox 1651 3431 1744 3462; x_wconf 91' lang='lat' dir='ltr'>uno</span> <span class='ocrx_word' id='word_1_481' title='bbox 1775 3421 2048 3476; x_wconf 82' lang='lat' dir='ltr'>usurpatur:</span> <span class='ocrx_word' id='word_1_482' title='bbox 2081 3425 2150 3472; x_wconf 90' lang='lat'>33,</span> <span class='ocrx_word' id='word_1_483' title='bbox 2183 3423 2225 3466; x_wconf 80' lang='grc'>2.</span> <span class='ocrx_word' id='word_1_484' title='bbox 2257 3423 2326 3473; x_wconf 84' lang='grc'>37,</span> <span class='ocrx_word' id='word_1_485' title='bbox 2347 3424 2386 3463; x_wconf 89' lang='lat'>3.</span> <span class='ocrx_word' id='word_1_486' title='bbox 2417 3420 2559 3474; x_wconf 85' lang='lat' dir='ltr'>atque</span> 
     </span>
     <span class='ocr_line' id='line_1_99' title="bbox 1562 3488 2561 3547; baseline 0 -14"><span class='ocrx_word' id='word_1_487' title='bbox 1562 3489 1704 3533; x_wconf 86' lang='lat' dir='ltr'>etiam</span> <span class='ocrx_word' id='word_1_488' title='bbox 1725 3488 1775 3532; x_wconf 91' lang='lat' dir='ltr'>id</span> <span class='ocrx_word' id='word_1_489' title='bbox 1797 3489 2129 3546; x_wconf 88' lang='lat' dir='ltr'>appellabatur</span> <span class='ocrx_word' id='word_1_490' title='bbox 2149 3491 2403 3547; x_wconf 88' lang='grc' dir='ltr'><em>διώνυμον,</em></span> <span class='ocrx_word' id='word_1_491' title='bbox 2436 3489 2561 3545; x_wconf 89' lang='lat' dir='ltr'>quod</span> 
     </span>
     <span class='ocr_line' id='line_1_100' title="bbox 1561 3560 2446 3616; baseline 0.001 -12"><span class='ocrx_word' id='word_1_492' title='bbox 1561 3563 1702 3616; x_wconf 89' lang='lat' dir='ltr'>vulgo</span> <span class='ocrx_word' id='word_1_493' title='bbox 1735 3562 1989 3616; x_wconf 79' lang='grc' dir='ltr'><em>ἐπώνυμον</em></span> <span class='ocrx_word' id='word_1_494' title='bbox 2021 3560 2288 3606; x_wconf 86' lang='lat' dir='ltr'>dicebatur:</span> <span class='ocrx_word' id='word_1_495' title='bbox 2319 3565 2388 3616; x_wconf 91' lang='lat'>38,</span> <span class='ocrx_word' id='word_1_496' title='bbox 2420 3566 2446 3605; x_wconf 91' lang='lat'>3</span> 
     </span>
    </p>

    <p class='ocr_par' dir='ltr' id='par_1_41' title="bbox 1505 3632 2390 3688">
     <span class='ocr_line' id='line_1_101' title="bbox 1505 3632 2390 3688; baseline 0.001 -12"><span class='ocrx_word' id='word_1_497' title='bbox 1505 3632 1715 3677; x_wconf 82' lang='grc' dir='ltr'><em>*Δολίος</em></span> <span class='ocrx_word' id='word_1_498' title='bbox 1747 3632 2015 3688; x_wconf 86' lang='lat' dir='ltr'>exemplum</span> <span class='ocrx_word' id='word_1_499' title='bbox 2046 3633 2204 3677; x_wconf 90' lang='lat' dir='ltr'>chorei</span> <span class='ocrx_word' id='word_1_500' title='bbox 2236 3637 2333 3687; x_wconf 90' lang='lat'>119,</span> <span class='ocrx_word' id='word_1_501' title='bbox 2365 3636 2390 3677; x_wconf 88' lang='grc'>7</span> 
     </span>
    </p>

    <p class='ocr_par' dir='ltr' id='par_1_42' title="bbox 1507 3700 2559 3830">
     <span class='ocr_line' id='line_1_102' title="bbox 1507 3700 2559 3762; baseline -0.002 -14"><span class='ocrx_word' id='word_1_502' title='bbox 1507 3700 1650 3762; x_wconf 86' lang='grc' dir='ltr'><em>δόρυ</em></span> <span class='ocrx_word' id='word_1_503' title='bbox 1695 3702 1958 3758; x_wconf 85' lang='lat' dir='ltr'>exemplum</span> <span class='ocrx_word' id='word_1_504' title='bbox 2003 3704 2244 3748; x_wconf 90' lang='lat' dir='ltr'>nominum</span> <span class='ocrx_word' id='word_1_505' title='bbox 2288 3703 2559 3748; x_wconf 89' lang='lat' dir='ltr'>neutrorum</span> 
     </span>
     <span class='ocr_line' id='line_1_103' title="bbox 1560 3773 2511 3830; baseline 0.004 -14"><span class='ocrx_word' id='word_1_506' title='bbox 1560 3774 1609 3817; x_wconf 91' lang='lat' dir='ltr'>in</span> <span class='ocrx_word' id='word_1_507' title='bbox 1640 3778 1666 3818; x_wconf 86' lang='grc' dir='ltr'><strong>ῦ</strong></span> <span class='ocrx_word' id='word_1_508' title='bbox 1698 3773 2010 3818; x_wconf 88' lang='lat' dir='ltr'>desinentium</span> <span class='ocrx_word' id='word_1_509' title='bbox 2043 3779 2108 3830; x_wconf 89' lang='lat'>16,</span> <span class='ocrx_word' id='word_1_510' title='bbox 2139 3781 2164 3820; x_wconf 91' lang='lat'>3</span> <span class='ocrx_word' id='word_1_511' title='bbox 2507 3826 2511 3830; x_wconf 21' lang='lat'><strong>⁴</strong></span> 
     </span>
    </p>

    <p class='ocr_par' dir='ltr' id='par_1_43' title="bbox 1505 3842 2561 3970">
     <span class='ocr_line' id='line_1_104' title="bbox 1505 3842 2561 3900; baseline -0.002 -10"><span class='ocrx_word' id='word_1_512' title='bbox 1505 3842 1704 3900; x_wconf 81' lang='grc' dir='ltr'><em>δοτικὴ</em></span> <span class='ocrx_word' id='word_1_513' title='bbox 1749 3850 1924 3890; x_wconf 84' lang='grc' dir='ltr'><em>πτῶςις</em></span> <span class='ocrx_word' id='word_1_514' title='bbox 1963 3859 2096 3890; x_wconf 81' lang='lat' dir='ltr'>casus</span> <span class='ocrx_word' id='word_1_515' title='bbox 2134 3846 2320 3890; x_wconf 77' lang='lat' dir='ltr'>dativus</span> <span class='ocrx_word' id='word_1_516' title='bbox 2348 3849 2422 3898; x_wconf 89' lang='lat'>31,</span> <span class='ocrx_word' id='word_1_517' title='bbox 2453 3850 2481 3888; x_wconf 83' lang='lat'><strong>5</strong></span> <span class='ocrx_word' id='word_1_518' title='bbox 2511 3845 2561 3888; x_wconf 86' lang='lat' dir='ltr'>et</span> 
     </span>
     <span class='ocr_line' id='line_1_105' title="bbox 1563 3918 1908 3970; baseline 0.006 -10"><span class='ocrx_word' id='word_1_519' title='bbox 1563 3921 1601 3960; x_wconf 88' lang='grc'>7.</span> <span class='ocrx_word' id='word_1_520' title='bbox 1633 3920 1701 3970; x_wconf 90' lang='grc'>67,</span> <span class='ocrx_word' id='word_1_521' title='bbox 1733 3922 1759 3959; x_wconf 89' lang='lat'>4</span> <span class='ocrx_word' id='word_1_522' title='bbox 1790 3918 1838 3960; x_wconf 92' lang='lat' dir='ltr'>et</span> <span class='ocrx_word' id='word_1_523' title='bbox 1869 3922 1908 3963; x_wconf 85' lang='lat'>5.</span> 
     </span>
    </p>

    <p class='ocr_par' dir='ltr' id='par_1_44' title="bbox 1503 3986 2558 4112">
     <span class='ocr_line' id='line_1_106' title="bbox 1503 3986 2558 4043; baseline 0 -12"><span class='ocrx_word' id='word_1_524' title='bbox 1503 3988 1738 4043; x_wconf 72' lang='lat' dir='ltr'>†op1&#39;s&#39;tvoc</span> <span class='ocrx_word' id='word_1_525' title='bbox 1778 3987 2044 4043; x_wconf 86' lang='lat' dir='ltr'>exemplum</span> <span class='ocrx_word' id='word_1_526' title='bbox 2084 3986 2281 4032; x_wconf 88' lang='lat' dir='ltr'>nominis</span> <span class='ocrx_word' id='word_1_527' title='bbox 2322 4000 2558 4042; x_wconf 85' lang='grc' dir='ltr'><em>μετουςια-</em></span> 
     </span>
     <span class='ocr_line' id='line_1_107' title="bbox 1561 4062 1879 4112; baseline 0 -10"><span class='ocrx_word' id='word_1_528' title='bbox 1561 4062 1717 4102; x_wconf 85' lang='grc' dir='ltr'><em>ςτικοῡ</em></span> <span class='ocrx_word' id='word_1_529' title='bbox 1747 4063 1823 4112; x_wconf 86' lang='grc'>45,</span> <span class='ocrx_word' id='word_1_530' title='bbox 1854 4065 1879 4102; x_wconf 94' lang='grc'>2</span> 
     </span>
    </p>
   </div>
  </div>
 </body>
</html>
