2808 4394
467 257 556 302 DE
585 255 824 301 METRO
855 254 1163 300 HEROICO
1197 253 1301 311 [DE
1331 249 1708 297 TRIMETRO
1739 251 2055 308 IAMBICO]
2244 253 2342 304 123

199 388 257 440 ἐκ
293 384 578 438 ςπονδείου
616 385 701 437 καὶ
738 384 1001 438 δακτύλου
1037 382 1121 435 καὶ
1157 381 1485 434 ἀναπαίςτου
1531 382 1615 432 καὶ
1661 381 1876 444 χορείου
1923 380 2008 431 καὶ
2046 379 2250 445 ἰάμβου.
2313 379 2344 430 ὁ

198 471 295 536 μὲν
331 471 548 534 πρῶτος
598 470 682 521 καὶ
728 468 901 533 τρίτος
947 467 1032 519 καὶ
1070 466 1308 530 πέμπτος
1355 464 1492 517 ποὺς
1538 464 1829 527 ἐπιδέχεται
1877 463 2088 516 τούτων
2125 464 2221 516 τὸν
2260 463 2345 527 έμ-

197 553 479 614 πίπτοντα.
551 552 582 604 ὁ
621 554 679 605 δὲ
717 552 965 616 δεύτερος
1001 551 1084 602 καὶ
1118 550 1369 613 τέταρτος
1407 549 1544 600 ποὺς
1582 548 1708 600 τοὺς
1746 547 1855 599 ἀπὸ
1905 547 2148 612 βραχείας
2185 548 2347 612 ἀρχο-

198 637 391 703 μένους
435 637 788 701 ἑπιδέχονται.
846 634 997 688 οὗτοι
1035 634 1093 686 δέ
1130 632 1255 686 εἰςιν
1302 632 1513 699 ἴαμβος,
1552 634 1793 697 χορεῖος,
1831 630 2170 683 ἀνάπαιςτος.
2232 631 2263 694 ἡ
2290 633 2349 683 δὲ

200 721 320 785 ἕκτη
358 721 509 785 χώρα
545 720 631 773 ἐπὶ
667 719 869 773 παντὸς
907 720 1101 785 μέτρου
1139 716 1438 782 ἀδιάφορός
1476 715 1652 783 ἐςτιν]
2378 719 2409 765 5

337 804 902 869 Τομαίείςιτέςςαρες·
942 801 1376 868 γπενθημιμερίς,
1415 800 1816 866 ’ῐ-ἑφθημιμερίς,
1854 800 1985 851 κατὰ
2010 800 2189 863 τρίτον
2226 817 2348 864 τρο-

198 891 383 953 χαῖον,
421 888 743 952 τετραποδία
779 886 1076 952 βουκολική.
1150 886 1522 949 πενθημιμερὶς
1559 885 1618 937 δὲ
1655 883 1887 950 λέγεται,
1926 882 2007 934 ὅτι
2043 887 2151 935 τῶν
2190 884 2350 935 πέντε

195 973 259 1026 τὸ
297 971 450 1037 ἥμιςυ
487 972 619 1038 ἔχει,
663 971 895 1024 τουτέςτι
935 971 1034 1023 δύο
1072 969 1243 1022 πόδας
1281 970 1365 1020 καὶ
1401 969 1525 1032 μίαν
1565 967 1854 1032 ςυλλαβήν,
1889 965 2023 1019 ,οἷον
2064 966 2349 1030 «Ἀτρείδη,

197 1059 394 1109 ποῖον»
434 1056 519 1124 <A
545 1054 650 1107 350
686 1056 733 1108 Ξ
759 1054 881 1122 83>.
939 1054 1279 1122 ἑφθημψερὶς
1317 1054 1376 1105 δὲ
1415 1053 1651 1119 λέγεται,
1690 1052 1775 1104 ὅτ’
1801 1052 1866 1103 ἂν
1892 1052 2022 1114 μετὰ
2058 1051 2184 1103 τοὺς
2208 1054 2350 1114 τρεῖς

199 1141 371 1194 πόδας
408 1139 596 1208 εὑρεθῇ
636 1139 866 1205 ςυλλαβὴ
904 1137 1263 1203 ἀπαρτίζουςα
1301 1137 1373 1189 εἰς
1410 1137 1572 1202 μέρος
1609 1136 1800 1199 λόγου·
1839 1135 1924 1188 καὶ
1953 1135 2159 1197 λέγεται
2186 1135 2346 1200 ἑφθη-
2372 1136 2436 1181 10

200 1405 564 1463 [Discnm’AuriA
595 1419 868 1448 semr'rvnu:
898 1420 945 1448 m
976 1404 1031 1461 L]
1122 1403 1149 1448 l
1180 1404 1337 1459 χορίου
1358 1405 1374 1459 ΙΙ
1452 1404 1482 1448 3
1515 1408 1634 1448 ποῦς
1670 1436 1690 1454 .

204 1474 561 1533 [ΠιεοΒΕΡΑΝΤιΔ
591 1490 855 1518 εοῑιιΡΤνιιΔΕ
885 1490 933 1518 m
965 1474 1063 1530 LO]
1211 1474 1242 1519 6
1278 1474 1608 1529 πενθημιμερίς
1647 1474 1951 1530 ἑφθημιμερίς
1982 1474 2042 1525 L,
2080 1472 2191 1515 item
2232 1471 2354 1514 infra.

195 1546 263 1589 lin
293 1550 317 1590 7
359 1546 658 1601 (πενθημερίς
689 1545 803 1601 sic),
849 1550 875 1589 9
915 1545 964 1588 et
1003 1551 1054 1588 10
1093 1545 1460 1601 (ἐφθημιμερίς);
1507 1544 1678 1587 iustam
1718 1543 1993 1599 scripturam
2026 1542 2216 1586 exhibet
2245 1541 2278 1583 C
2341 1542 2345 1594 1

196 1617 479 1671 κατάτριτον
510 1615 544 1658 L
562 1649 573 1668 ,
603 1615 718 1659 item
747 1614 870 1658 infra
901 1620 996 1669 124,
1029 1616 1092 1670 211
1171 1615 1202 1659 9
1237 1615 1354 1659 ὅταν
1385 1614 1418 1659 C
1449 1615 1563 1658 item
1592 1613 1714 1657 insu-a
1743 1629 1774 1671 p
1809 1619 1904 1669 124,
1936 1620 1962 1657 2
1994 1615 2042 1657 et
2071 1618 2099 1657 4

197 1855 590 1912 [DISCBEPANTIAE
616 1870 671 1897 ET
702 1869 980 1899 rns'rmomA
997 1869 1197 1898 Amonvu
1227 1855 1531 1910 SCRIPTORVM]
1592 1867 1686 1897 non
1715 1852 1875 1896 inveni
1904 1854 1952 1896 in
1981 1852 2148 1896 ceteris
2179 1852 2350 1894 tracta-

195 1926 321 1970 tibus
350 1923 577 1977 metricis3
609 1924 782 1968 similia
810 1926 919 1967 sunt
956 1938 996 1972 e.
1034 1940 1078 1981 g,
1110 1938 1230 1981 quae
1269 1925 1318 1967 in
1358 1923 1552 1968 Scholiis
1588 1922 1981 1979 Hephaestioneis
2018 1921 2352 1966 recentioribus

197 2001 342 2051 1822„S
374 1995 427 2039 G.
463 2000 642 2050 Imm-23
672 1994 749 2038 W.
779 1995 1002 2052 leguntur
1029 1996 1045 2050 ΙΙ
1463 1996 1584 2051 6-Ρ
1615 1993 1715 2046 124,
1747 1993 1778 2041 5
1809 1994 1869 2037 ad
1899 1993 2015 2037 haec
2045 2005 2190 2049 prope
2222 2005 2351 2035 acce—

196 2066 316 2110 dunt
344 2064 468 2108 inter
486 2064 656 2110 latinos
686 2065 904 2109 metricos
920 2064 1173 2110 Diomedes
1203 2065 1223 2108 I
1253 2070 1515 2121 4975-4989
1546 2064 1721 2108 Marius
1746 2063 2013 2108 Victorinus
2029 2063 2096 2107 VI
2114 2067 2352 2118 (Ἂν-6529

202 2135 453 2192 [Maximus
484 2134 769 2192 Victorinus]
810 2134 868 2178 de
901 2136 1101 2180 caesuris
1139 2136 1202 2178 VI
1233 2140 1397 2191 2401-10
1427 2135 1662 2190 Anonymi
1699 2136 1929 2178 tractatus
1967 2133 2025 2177 de
2056 2131 2256 2176 caesuris
2288 2131 2351 2173 VI

200 2211 400 2262 ⁶4525—25·
432 2205 500 2249 cfr
530 2205 854 2263 Mangelsdorf
877 2206 926 2249 in
955 2219 1111 2263 progr.
1143 2205 1487 2250 Caroliruhensi
1530 2209 1637 2248 1876
1667 2219 1697 2261 p
1731 2210 1798 2249 18.
1858 2204 1983 2248 inter
2014 2202 2216 2247 Graecos
2246 2201 2349 2244 Tri-

198 2274 364 2318 clinius
393 2276 442 2318 in
472 2276 675 2319 tractatu
698 2276 949 2320 Harleiano
981 2279 1278 2332 δώῃ-31915
1308 2275 1459 2319 multa
1478 2275 1626 2319 habet
1653 2288 1774 2331 quae
1805 2289 1912 2319 cum
1940 2274 2029 2318 hac
2060 2264 2118 2317 de
2150 2271 2352 2316 caesuris

203 2346 493 2400 expositione
524 2346 776 2390 concinunt
803 2347 817 2403 Η
1213 2346 1245 2394 6
1275 2346 1622 2402 πενθημιμερίς,
1652 2345 1974 2401 ἑφθημιμερίς]
2016 2343 2142 2400 apud
2175 2342 2351 2400 [Victo-

201 2416 376 2471 rinum]
410 2415 481 2459 bis
502 2417 888 2471 penthemimeris,
921 2416 992 2460 bis
1022 2416 1411 2472 hephthemimeris
1458 2418 1475 2472 ΙΙ
1890 2415 2011 2464 6--7
2040 2415 2159 2458 κατὰ
2188 2413 2352 2469 τρίτον

195 2487 438 2542 τροχαῖον]
470 2485 598 2530 idem
627 2499 799 2530 nomen
830 2486 956 2543 apud
994 2485 1146 2530 Diom.
1181 2485 1368 2543 [Vict.];
1406 2487 1540 2531 tritos
1576 2487 1804 2530 trochaeos
1841 2487 2016 2539 Anon.,
2058 2484 2223 2528 tertius
2260 2488 2351 2526 tro-

199 2557 363 2600 chaeus
390 2555 567 2600 Marius
598 2555 720 2601 Vict.
755 2558 771 2612 [Ι
990 2557 1015 2602 ’2
1046 2555 1330 2612 τετραποδία
1362 2558 1631 2612 βουκολική]
1660 2556 1787 2600 idem
1816 2569 1988 2599 nomen
2019 2554 2145 2611 apud
2174 2553 2352 2606 Diom.;

196 2630 360 2670 tetarte
388 2626 622 2670 bucolicon
638 2629 804 2679 Anon.,
838 2628 1085 2682 βουκολική
1110 2626 1247 2670 Tricl.
1270 2632 1389 2683 31828
1419 2628 1623 2683 τετάρτη
1656 2627 1906 2681 βουκολική
1936 2624 2063 2668 idem
2093 2629 2195 2680 3199
2225 2623 2351 2679 (vide

199 2695 614 2753 Mangelsdorfium
643 2711 674 2752 p
708 2698 798 2751 16);
830 2697 1026 2742 bucolice
1055 2702 1170 2741 tome
1204 2697 1442 2753 [Victor.],
1481 2711 1536 2741 ea
1565 2711 1681 2753 quae
1711 2700 1875 2753 quarto
1900 2696 2015 2751 pede
2038 2699 2217 2750 partem
2248 2707 2351 2738 ora-

196 2765 338 2809 tionis
365 2766 584 2810 terminat
613 2780 750 2823 quam
780 2768 1010 2812 bucolicen
1043 2767 1210 2812 Graeci
1240 2768 1402 2812 dicunt
1432 2767 1545 2812 Mar.
1575 2767 1749 2811 Victor.
1775 2769 1819 2824 Ι*
2134 2769 2352 2820 πενθημι-

200 2838 328 2890 μερὶς
374 2838 425 2881 δὲ
469 2838 678 2891 λέγεται,
721 2839 812 2893 ὅτι]
856 2840 965 2882 ante
996 2838 1198 2881 nominis
1240 2837 1619 2894 explanaffionem
1649 2837 1860 2881 indicant
1890 2835 2137 2880 Triclinius
2168 2837 2216 2878 et
2244 2834 2353 2878 Dio-

198 2906 387 2960 medes,
433 2906 516 2950 ubi
558 2907 954 2963 penthemimeres
997 2908 1284 2952 inveniatur:
1331 2910 1448 2952 ὅταν
1495 2909 1612 2962 μετὰ
1652 2910 1736 2952 δύο
1767 2910 1915 2952 πόδας
1947 2908 2114 2962 εὑρεθῇ
2148 2907 2350 2959 ςυλλαβὴ

194 2975 510 3031 ἀπαρτίζουςα
541 2977 605 3021 εἰς
637 2978 776 3033 μέρος
806 2980 952 3032 λόγου
969 3013 981 3032 ,
1013 2979 1094 3023 ubi
1115 2983 1223 3035 post
1254 2978 1368 3022 daos
1390 2978 1532 3033 pedes
1562 2982 1602 3022 et
1631 2992 1774 3022 unam
1793 2978 2019 3035 syllabam
2042 2990 2158 3032 pars
2186 2975 2351 3019 oratio-

194 3047 271 3090 nis
301 3046 524 3102 expletur.
583 3048 726 3103 atque
771 3050 1075 3104 acquiescunt
1117 3049 1167 3092 in
1212 3048 1518 3093 describenda
1562 3047 1896 3104 semiquinaria
1933 3047 2203 3092 Diomedes:
2249 3059 2352 3090 cum

187 3120 293 3172 post
325 3117 440 3161 duos
460 3117 603 3172 pedes
630 3131 821 3174 sequens
855 3119 1033 3176 syllaba
1060 3120 1248 3175 plenam
1267 3119 1494 3180 orationis
1516 3123 1698 3174 partem
1718 3119 1980 3176 distinguit,
2020 3117 2320 3176 [Victorinus]
2346 3134 2356 3158 :

194 3187 276 3231 ubi
296 3191 405 3242 post
443 3187 558 3231 duos
588 3188 732 3243 pedes
769 3190 1010 3235 invenitur
1045 3190 1236 3245 semipes
1252 3223 1262 3242 ,
1308 3190 1390 3245 qui
1427 3203 1605 3234 versum
1636 3189 1821 3233 dividat
1851 3194 1893 3234 et
1913 3195 2097 3245 partem
2127 3188 2352 3232 orationis

192 3258 343 3312 finiat,
388 3258 685 3313 Anonymus:
732 3260 940 3316 quotiens
962 3265 1068 3316 post
1107 3261 1223 3304 duos
1252 3260 1395 3316 pedes
1432 3260 1610 3317 syllaba
1645 3273 1884 3304 remanens
1913 3264 2098 3314 partem
2134 3259 2351 3304 terminat

194 3328 434 3372 orationis.
493 3327 612 3371 haee
644 3330 683 3372 si
713 3344 818 3373 cum
850 3331 915 3374 eis
946 3332 1322 3388 comparaveris,
1369 3344 1488 3386 quae
1519 3331 1568 3373 in
1598 3330 1927 3385 supplemento
1957 3330 2023 3372 lin
2055 3335 2080 3374 9
2109 3329 2350 3385 leguntur,

194 3411 287 3442 non
317 3398 580 3452 dubitabis,
620 3400 810 3456 opinor,
851 3400 964 3456 quin
1007 3401 1074 3444 lin
1107 3406 1130 3445 7
1163 3402 1270 3445 ante
1316 3402 1387 3445 ὅτι
1416 3400 1742 3444 interciderint
1771 3402 1851 3444 ὅτ’
1881 3401 1938 3443 ἂν
1970 3401 2089 3455 μετὰ
2118 3401 2230 3444 τοὺς
2265 3401 2351 3443 δύο

198 3469 345 3512 πόδας
392 3469 559 3524 εὑρεθῇ
606 3472 807 3525 ςυλλαβὴ
856 3471 1169 3527 ἀπαρτίζουςα
1214 3471 1280 3516 εἰς
1315 3472 1450 3526 μέρος
1492 3472 1654 3524 λόγου·
1700 3473 1776 3515 καί
1806 3472 1992 3524 λέγεται
2021 3469 2351 3525 πενθημιμερίς

195 3538 209 3594 ΙΙ
620 3539 736 3588 7-8
767 3542 840 3585 ὅτι
869 3546 970 3586 τῶν
1000 3543 1146 3586 πέντε
1171 3568 1219 3575 -
1244 3542 1492 3598 ςυλλαβήν]
1544 3543 1637 3596 ἔχει
1681 3542 1769 3597 γὰρ
1807 3546 1907 3585 τῶν
1944 3541 2091 3586 πέντε
2129 3543 2185 3585 τὸ
2217 3543 2351 3594 ἥμιςυ

196 3606 349 3660 Τῐίο1.,
380 3607 493 3663 quia
531 3609 733 3666 quinque
754 3612 895 3668 pedes
924 3612 1098 3657 dividit
1127 3611 1276 3658 Diom.
1308 3612 1321 3668 ΙΙ
1436 3612 1558 3659 8-9
1591 3612 1815 3668 Ἀτρείδη,
1847 3613 2005 3667 ποῖον]
2040 3611 2165 3655 idem
2197 3623 2349 3653 exem-

194 3677 326 3734 plum
356 3678 536 3734 profert
564 3679 700 3725 Tricl.
732 3683 842 3736 post
871 3683 1027 3737 Μῆνιν
1058 3684 1182 3727 ἄειδε
1222 3683 1327 3736 θεάς
1367 3696 1505 3738 quam
1535 3682 1664 3726 June
1694 3682 1842 3736 fertur
1871 3681 1987 3727 Mar.
2019 3682 2164 3734 Vict,
2204 3681 2350 3724 Arma

194 3748 434 3803 virumque
463 3762 578 3792 cano
614 3749 918 3807 [Victorinus]
935 3786 946 3806 ,
983 3753 1196 3807 defecisse
1223 3753 1348 3797 videt
1380 3754 1429 3796 et
1457 3767 1503 3797 se
1520 3753 1711 3809 siynari
1740 3753 1883 3796 oculis
1911 3752 2063 3796 Diom.
2337 3752 2349 3804 Η

194 3817 349 3866 9—10
401 3819 481 3862 ὅτ’
529 3820 587 3862 ἂν
639 3847 689 3851 -
741 3822 903 3879 λόγου]
958 3824 1161 3867 concinit
1209 3822 1348 3867 Tricl.
1368 3856 1378 3876 ,
1427 3823 1516 3866 nisi
1566 3823 1692 3879 quod
1741 3824 1855 3867 τοὺς
1894 3823 2092 3874 omittit;
2144 3822 2223 3864 ubi
2246 3825 2351 3876 post

195 3892 287 3932 tres
316 3890 458 3944 pedes
501 3890 739 3935 invenitur
780 3893 960 3949 syllaba
1015 3893 1347 3949 [Victorinus],
1400 3893 1608 3948 quotiens
1645 3898 1750 3948 post
1800 3898 1890 3936 tres
1927 3893 2068 3947 pedes
2112 3905 2350 3935 remanens

195 3958 374 4014 syllaba
402 3962 630 4006 orationis
653 3970 834 4017 partem
865 3964 1082 4007 terminat
1111 3965 1403 4019 AnonymuS,
1444 3977 1561 4019 quae
1589 3965 1736 4008 tribus
1759 3964 1956 4019 pedibus
1987 3963 2175 4006 emensis
2203 3962 2351 4005 adicit

195 4029 419 4085 syllabam
465 4033 744 4087 completque
787 4046 967 4077 sensum
1013 4047 1297 4089 quacumque
1340 4035 1566 4078 orationis
1603 4035 1845 4089 particula
1891 4033 2003 4076 Mar.
2041 4032 2186 4086 Vict.;
2232 4031 2348 4075 nihil
