2808 4394
2285 255 2385 307 221

378 875 507 920 Haec
544 874 708 919 tabula
746 874 1072 930 repraesentat
1110 872 1283 917 codicis
1312 871 1604 916 Monacensis
1635 878 1717 916 310
1745 872 1911 915 folium
1942 878 1997 917 20
2028 887 2213 917 versum
2246 874 2294 916 et
2323 873 2390 917 fo·

237 947 351 990 lium
382 952 433 990 21
466 947 666 999 rectum,
712 945 836 988 inter
873 957 994 1000 quae
1033 944 1147 987 folia
1178 943 1303 986 ‘olim
1334 943 1680 986 interiacebant
1710 955 1767 986 ea
1796 956 1916 998 quae
1948 956 2069 986 nunc
2100 944 2306 987 numeris
2340 949 2390 987 18

237 1018 286 1060 et
318 1022 368 1060 19
399 1017 564 1060 notata
591 1016 696 1058 sunt
727 1016 775 1058 et
805 1015 896 1057 duo
928 1027 1048 1069 quae
1079 1027 1201 1057 nunc
1231 1014 1492 1070 perierunt:
1526 1013 1633 1056 vide
1665 1012 1810 1068 praef.
1844 1027 1874 1068 p
1905 1012 2013 1055 XVI
2043 1013 2288 1058 40—XV11
2325 1020 2388 1061 13.

381 1086 690 1130 Continentur
718 1084 873 1140 priore
903 1085 1079 1140 pagina
1108 1098 1165 1127 ea
1195 1097 1315 1139 quae
1347 1084 1395 1126 in
1426 1085 1587 1128 nostra
1617 1082 1824 1127 editione
1855 1083 2076 1140 leguntur
2098 1090 2389 1139 3-2,2—37‚3;

235 1157 387 1201 altera
448 1155 639 1200 exhibet
697 1154 1016 1211 supplementi
1082 1154 1215 1198 tertii
1274 1168 1380 1199 eam
1439 1155 1626 1210 partem
1685 1167 1827 1209 quam
1886 1155 2011 1210 apud
2070 1167 2155 1198 nos
2212 1154 2393 1199 invenis

241 1231 624 1283 118‚2.-120,8.

339 1294 346 1301 '
380 1296 587 1340 initiales
616 1295 804 1340 litterae
834 1296 1078 1353 pigmento
1110 1298 1363 1340 exornatae
1395 1297 1503 1339 sunt
1531 1295 1700 1340 coloris
1728 1295 1869 1339 rubro
1891 1296 1939 1340 et
1960 1296 2175 1340 caeruleo
2197 1296 2394 1341 finitimi.

235 1369 401 1413 eodem
447 1368 641 1412 exarata
685 1369 756 1411 est
803 1367 1043 1424 inscriptio
1088 1368 1135 1411 in
1179 1368 1245 1411 fol
1282 1373 1355 1410 ΞΠ
1400 1366 1472 1410 col
1511 1367 1582 1419 I[;
1637 1367 1802 1410 eodem
1845 1366 1894 1409 id
1939 1381 2025 1423 par
2071 1367 2393 1423 exemplorum

236 1439 361 1495 quod
398 1440 446 1482 in
482 1437 702 1482 inferiore
739 1438 952 1494 margine
991 1437 1094 1481 folii
1134 1443 1208 1482 2οΥ
1247 1438 1436 1494 legitur.
1498 1436 1672 1481 Contra
1710 1437 1972 1481 atramento
2005 1451 2085 1493 eo,
2125 1451 2217 1494 quo
2248 1438 2394 1482 verba

237 1523 469 1580 Dionysii,
510 1520 685 1587 sci-ipta
721 1524 829 1567 sunt
864 1504 1041 1569 Δίκοε
1072 1523 1309 1568 ”minoe
1345 1522 1394 1565 in
1431 1522 1533 1566 folii
1563 1527 1639 1566 20v
1667 1535 1817 1578 marg.
1851 1536 2006 1578 super.
2068 1523 2116 1565 et
2149 1522 2281 1567 ἐγει
2303 1523 2395 1567 ..c

240 1593 435 1655 ΜὲΛΑ(
465 1609 513 1653 111
543 1623 690 1666 marg.
724 1610 924 1653 sinistro.
956 1634 1008 1641 —-
1039 1609 1168 1652 Haec
1197 1609 1291 1652 tria
1321 1608 1641 1664 exemplorum
1673 1608 1807 1664 paria
1837 1608 2018 1664 primae
2040 1609 2199 1652 manui
2220 1609 2392 1652 deben-

238 1683 335 1734 tur3
382 1682 585 1725 θάνατος
616 1681 714 1735 Ζωή
746 1680 794 1723 in
825 1680 925 1723 folii
956 1685 1030 1724 20v
1061 1694 1153 1736 mg.
1186 1678 1373 1722 sinistro
1406 1680 1600 1722 exarata
1629 1680 1737 1722 sunt
1768 1680 2031 1723 atramento
2061 1679 2240 1735 pallido
2272 1693 2300 1722 a
2330 1694 2388 1723 m.

235 1752 508 1808 posteriore,
540 1765 660 1806 quae
692 1751 857 1795 eadem
889 1751 938 1794 et
967 1764 1109 1807 supra
1139 1751 1342 1794 θάνατος
1373 1749 1487 1793 etin
1509 1749 1667 1793 media
1688 1750 1905 1794 columna
1925 1750 2074 1794 altera
2094 1750 2182 1793 hoc
2204 1749 2392 1806 signum

235 1822 391 1879 pinxit
420 1823 501 1868 Ξ.

378 2050 517 2094 Haud
547 2050 753 2094 alienum
784 2048 950 2106 putavi
979 2049 1054 2092 hic
1084 2050 1298 2105 repetere
1332 2062 1454 2103 quae
1485 2048 1634 2104 praef.
1654 2062 1685 2103 p
1708 2047 1856 2090 XXIX
1877 2061 1959 2102 seq
1990 2048 2087 2091 dixi
2117 2049 2171 2091 ut
2202 2048 2393 2092 demon-

234 2123 432 2166 strarem
476 2121 753 2164 Leidensem
802 2134 858 2163 ex
895 2120 1166 2170 Monacensi
1213 2119 1501 2176 descriptum
1549 2132 1661 2162 esse.
1720 2118 1885 2161 nititur
1925 2119 2047 2162 enim
2086 2119 2169 2163 illa
2205 2119 2395 2163 demon-

235 2193 398 2236 stratio
431 2191 779 2247 comparatione
817 2189 920 2233 folii
950 2195 1025 2234 20v
1062 2190 1171 2233 libri
1198 2190 1489 2234 Monacensis
1529 2190 1578 2234 et
1613 2189 1813 2246 paginae
1845 2194 1898 2233 58
1939 2189 2112 2234 codicis
2142 2188 2398 2245 Leidensis,

234 2276 373 2319 quam
404 2263 627 2320 paginam
657 2261 980 2318 repraesentat
1009 2261 1175 2305 tabula
1204 2259 1699 2318 photolithographica
1728 2260 1890 2305 altera.

1218 2414 1355 2451 δή
1386 2366 1504 2435 ἐγει

1299 2565 1412 2609 ΛΑΕ
1445 2567 1455 2605 2

233 2665 349 2709 haec
379 2666 460 2710 ΔΗ
493 2664 662 2708 litteris
692 2664 956 2721 supplenda
985 2664 1094 2706 sunt
1123 2677 1176 2706 ac
1206 2662 1458 2707 referenda
1488 2663 1548 2705 ad
1583 2676 1640 2706 ea
1674 2676 1796 2718 quae
1833 2663 1984 2707 altera
2015 2663 2154 2708 huius
2191 2666 2394 2720 paginae

237 2734 456 2779 columna
483 2735 532 2777 in
563 2734 740 2778 eisdem
768 2734 906 2778 lineis
935 2734 1102 2777 habet:
1147 2734 1263 2778 Ἀπὸ
1295 2735 1346 2777 δὲ
1376 2735 1605 2788 (ώματοε.
1648 2735 1713 2777 ὡς
1743 2735 1907 2789 ταχύς·
1942 2736 2112 2790 βραδύς
2142 2735 2240 2792 (ubi
2267 2735 2395 2778 idem

233 2806 439 2862 signum,
486 2805 611 2862 quod
650 2805 758 2848 ante
792 2805 925 2850 ἘΥΕΙ
966 2803 1227 2859 invenitur,
1261 2805 1505 2848 exaratum
1537 2819 1678 2861 supra
1706 2807 1850 2860 ταχύς
1881 2805 2120 2859 videmus,
2149 2804 2238 2847 nisi
2268 2803 2395 2860 quod

234 2874 310 2919 hic
352 2875 588 2931 expictum
627 2876 700 2919 est
739 2875 893 2918 colore
933 2875 1107 2930 rubro).
1176 2875 1356 2920 scilicet
1401 2877 1582 2930 εὐειδής
1629 2876 1678 2919 et
1717 2877 1859 2929 μέλας
1899 2875 1991 2919 alia
2029 2875 2248 2932 exempla
2284 2876 2394 2918 sunt

234 2945 552 3002 epithetorum
585 2959 613 2989 a
643 2945 874 3002 qualitate
906 2945 1111 3002 corporis
1141 2946 1401 2990 ductorum.
1448 2946 1508 2989 ad
1538 2945 1815 2989 Leidensem
1847 2948 2006 2990 autem
2037 2945 2076 2989 si
2106 2946 2265 2989 oculos
2286 2959 2391 2989 con-

233 3017 444 3070 verteris,
475 3017 541 3059 ibi
572 3029 755 3072 quoque
787 3016 985 3059 alterum
1020 3017 1343 3073 exemplorum
1373 3031 1460 3073 par
1490 3016 1746 3073 conspicies
1776 3016 1825 3059 in
1848 3017 2087 3072 superiore
2110 3017 2314 3074 paginae
2336 3022 2391 3060 58

235 3086 462 3143 margine.
525 3088 575 3130 at
614 3100 735 3143 quae
766 3086 843 3130 hic
871 3088 986 3130 nota
1015 3087 1206 3130 additur
1237 3089 1364 3144 (cjx),
1407 3101 1464 3130 ea
1503 3100 1646 3143 supra
1675 3089 1819 3140 ταχύ(
1853 3087 1996 3143 (quod
2026 3087 2203 3143 legitur
2231 3087 2280 3131 in
2309 3101 2390 3143 pa·

232 3155 370 3212 ginae
404 3161 457 3200 59
496 3157 740 3200 columnae
771 3157 792 3199 I
829 3156 953 3201 linea
983 3158 1168 3212 octava)
1208 3172 1301 3201 non
1339 3158 1594 3214 reperitur,
1635 3159 1718 3201 sed
1763 3172 1904 3214 supra
1934 3159 2169 3213 διώνυμον
2199 3158 2247 3202 111
2276 3173 2308 3214 p
2339 3163 2393 3202 58

234 3225 307 3269 col
344 3226 366 3269 Ι
410 3227 535 3272 linea
566 3233 630 3272 16.
693 3228 822 3271 cuius
868 3229 1036 3271 erroris
1082 3242 1221 3272 causa
1263 3229 1373 3272 inde
1419 3228 1678 3284 repetenda
1726 3230 1823 3284 est,
1856 3215 1997 3284 ‘quod
2033 3229 2082 3272 in
2122 3228 2391 3272 Monacensi

234 3293 358 3358 ΔΙῙίΕ
379 3326 389 3337 ·
413 3298 495 3360 M&
522 3314 658 3357 iuxta
686 3314 809 3357 hunc
840 3314 1010 3370 prioris
1041 3315 1286 3360 columnae
1316 3315 1593 3359 versiculum

1004 3429 1155 3470 νυμον
1176 3439 1185 3448 ·
1208 3417 1445 3470 διώνυμον
1464 3428 1473 3437 ·
1508 3415 1610 3459 ἐπώ

235 3469 424 3526 adpicta
452 3472 573 3514 sunt.
