2814 4400
427 295 661 338 LXXVIII
1095 293 1390 337 ADDENDA
1421 293 1498 337 ΕΤ
1531 294 1928 338 CORRIGENDA

569 423 632 474 ad
670 423 724 488 ὃ,
747 421 966 488 4-6,3
1005 421 1255 492 [DISGR.
1283 422 1376 474 ET
1402 420 1712 490 TESTIM]
1755 423 1994 475 Sextus
2021 423 2192 492 Emp.
2224 424 2340 475 adv.
2371 442 2592 492 gramm.

427 512 459 574 ξ
498 509 603 560 250
640 527 673 575 p
713 507 838 575 6557
871 506 939 558 ss:
989 508 1275 561 Διονύςιος
1324 511 1382 561 δὲ
1422 509 1451 561 ὁ
1492 509 1633 577 Θρᾷξ
1680 510 1735 562 ἓξ
1774 510 1902 572 με’ρη
1942 514 2297 574 γραμματικῆς
2335 498 2472 564 εἶναι
2513 513 2595 565 λε’-

425 612 537 655 γων
581 631 799 644 ......
842 593 899 646 ἐν
939 594 1153 646 τούτοις
1201 595 1286 646 καὶ
1333 595 1395 646 τὸ
1444 595 1708 657 ἱςτορικὸν
1749 593 2101 647 ἀποοίδωςιν·
2156 594 2292 648 εἶναι
2330 597 2432 660 γάρ
2471 615 2596 662 φηςι

427 681 786 743 γραμματικῆς
836 679 984 743 μέρη·
1018 679 1319 741 ἀνάγνωςιν
1369 679 1579 744 ἐντριβῆ
1629 679 1760 730 κατὰ
1808 679 2140 747 προςωδίαν,
2190 681 2428 745 ἐξήγηςιν
2467 684 2598 736 κατὰ

425 765 553 816 τοὺς
592 764 999 828 ἐνυπάρχοντας
1039 765 1345 829 ποιητικοὺς
1384 766 1635 828 τρόπους,
1677 764 1872 818 λέξεων
1912 764 1998 816 καὶ
2033 764 2279 828 ἱςτοριῶν
2319 767 2595 831 ἀπόδοςιν,
2641 786 2662 816 5

427 849 775 914 ἐτυμολογίας
814 848 1046 913 εὕρεςιν,
1085 849 1379 912 ἀναλογίας
1418 848 1759 915 ἐκλογιςμόν,
1801 849 1963 914 κρίςιν
2003 849 2340 914 ποιημάτων,
2380 851 2600 905 ἀτόπως

426 934 798 999 διαιρούμενος
844 935 931 987 καὶ
978 934 1113 999 τάχα
1160 936 1255 1000 μὲν
1305 934 1709 999 ἀποτελέςματά
1755 951 1873 987 τινα
1921 934 2005 986 καὶ
2050 934 2209 999 μόρια
2245 933 2636 1003 γραμματικῆς

429 1022 558 1085 μέρη
597 1022 791 1084 ταύτης
839 1025 1034 1072 ποιῶν.
1090 1051 1148 1055 -
1204 1017 1269 1070 In
1307 1019 1524 1071 scholiis
1561 1019 1783 1071 technes
1820 1022 2032 1087 praeter
2073 1017 2459 1087 Dionysianam
2497 1021 2602 1074 alia

427 1105 704 1157 invenitur
740 1103 1120 1173 grammaticae
1159 1104 1398 1172 partitio,
1438 1104 1500 1156 de
1539 1123 1644 1173 qua
1683 1103 2091 1174 diligentissime
2131 1103 2426 1172 disputavit
2451 1104 2601 1159 Steu-

425 1191 543 1258 pius
591 1190 644 1241 in
703 1188 840 1242 libro
888 1190 950 1240 de
999 1187 1189 1240 Probis
1234 1189 1597 1258 grammaticis
1635 1189 1896 1258 inscripto
1942 1208 1976 1258 p
2020 1190 2103 1242 37.
2169 1200 2219 1240 Σ
2251 1191 2373 1258 7365
2414 1190 2665 1264 (Mel):1o

429 1277 492 1329 τὸ
532 1275 697 1328 πάλαι
734 1276 862 1340 μέρη
901 1277 993 1338 τῆς
1032 1279 1387 1339 γραμματικῆς
1423 1275 1488 1339 ἦν
1515 1277 1738 1341 τέςςαρα
1764 1276 1847 1328 καὶ
1880 1275 1971 1328 εἰςὶ
1996 1280 2190 1328 ταῦτα·
2231 1278 2602 1342 διορθωτικόν,

427 1361 848 1424 ἀναγνωςτικόν,
899 1360 1228 1425 ἐξηγητικόν,
1279 1361 1526 1426 κριτικόν.
1604 1361 1683 1412 cfr
1729 1370 1779 1410 Σ
1819 1358 1971 1429 65928
2019 1364 2186 1426 οιορθ.
2236 1362 2421 1423 ἀναγν.
2462 1363 2601 1428 ἐξηγ.

426 1447 684 1513 κριτικόν,
734 1444 855 1514 6ῑ)91
910 1444 1099 1508 ἀναγν.
1139 1449 1306 1510 διορθ.
1348 1446 1486 1510 ἐξηγ.
1528 1447 1788 1515 κριτικόν,
1837 1445 1962 1514 6715
2004 1447 2058 1496 et
2095 1445 2242 1515 68315
2284 1444 2515 1517 (Porph)
2550 1451 2604 1500 et

426 1530 578 1600 72832
616 1531 697 1583 ἀν.
736 1531 803 1586 ἐξ.
846 1535 1014 1596 διορθ.
1066 1532 1311 1595 κριτικόν.
1390 1530 1532 1583 hanc
1581 1531 1897 1583 divisionem
1942 1547 2126 1582 revera
2175 1534 2438 1584 vetustam
2489 1550 2604 1585 esse

426 1617 755 1669 demonstrat
805 1614 1063 1668 Varronis
1112 1615 1341 1667 imitatio
1391 1617 1532 1685 apud
1583 1616 1893 1669 Diomedem
1946 1615 2180 1685 142621:
2221 1619 2604 1684 yrammaticae
2626 1635 2668 1668 15

427 1703 628 1771 officia,
668 1706 727 1770 nr}
762 1702 960 1755 adserit
1008 1700 1197 1768 Varr0‚
1237 1706 1478 1754 constant
1514 1703 1572 1755 in
1599 1702 1851 1770 partibus
1889 1704 2163 1767 quattuor:
2202 1702 2411 1755 lectione
2448 1721 2602 1757 enar-

425 1789 634 1842 ratione
688 1788 1045 1840 emendatione
1095 1787 1307 1839 iudicio.
1384 1791 1440 1840 at
1496 1805 1777 1856 perperam
1827 1787 2083 1855 opinatur
2130 1784 2431 1856 Melampus
2483 1788 2604 1841 Dio-

425 1874 709 1943 nysianam
747 1872 1092 1942 partitionem
1132 1890 1197 1923 ex
1233 1871 1334 1924 hac
1372 1873 1540 1925 altera
1577 1876 1757 1925 natam
1799 1891 1928 1941 esse,
1964 1882 2014 1922 Σ
2047 1871 2222 1942 73722:
2269 1873 2363 1928 ἐὰν
2403 1874 2503 1928 οὖν
2541 1876 2603 1928 τὸ

427 1961 592 2013 πάλαι
631 1960 856 2025 τέςςαρα
893 1959 1023 2024 μέρη
1062 1957 1128 2023 ἦν
1166 1961 1259 2023 τῆς
1296 1963 1671 2028 γραμματικῆς,
1711 1965 1826 2013 πῶς
1865 1964 1963 2013 νῦν
1990 1959 2045 2013 ἓξ
2073 1957 2208 2010 αὐτά
2235 1976 2393 2024 φηςιν
2421 1959 2452 2012 ὁ
2478 1961 2603 2014 Διο-

427 2047 632 2104 νύςιος;
682 2046 744 2098 τὸ
795 2046 855 2099 ἓν
905 2045 957 2100 ἐξ
1007 2044 1186 2098 αὐτῶν
1228 2044 1420 2109 ἐτμήθη
1461 2045 1533 2097 εἰς
1570 2046 1715 2114 τρία,
1763 2046 1846 2098 καὶ
1883 2046 1949 2097 τὰ
1987 2045 2081 2109 μὲν
2121 2042 2259 2096 ἄλλα
2295 2046 2414 2111 τρία
2448 2044 2604 2108 γεγό-
2627 2061 2670 2095 20

427 2150 576 2186 ναςιν
616 2131 685 2186 ἕξ.
724 2131 787 2183 τὸ
826 2133 988 2184 ποῖον
1028 2130 1222 2195 ἐτμήθη
1263 2130 1336 2182 εἰς
1374 2131 1514 2196 τρία,
1567 2133 1629 2184 τὸ
1670 2130 2034 2195 διορθωτικόν.
2099 2128 2173 2181 εἰς
2211 2134 2344 2184 ποῖα
2381 2131 2603 2199 ἐτμήθη;

428 2217 502 2270 εἰς
527 2218 590 2270 τὸ
617 2219 719 2270 νῦν
747 2216 944 2285 τρίτον,
972 2217 1247 2280 τέταρτον,
1276 2216 1537 2280 πέμπτον.
1590 2214 1709 2268 vide
1731 2214 2151 2267 Wilmannsium
2181 2214 2334 2268 Varr.
2359 2234 2396 2285 p
2429 2216 2527 2269 103
2545 2214 2602 2288 ¹).

427 2304 590 2354 immo
630 2320 693 2353 ex
723 2299 973 2370 Dionysii
1001 2300 1275 2365 divisione,
1323 2318 1456 2369 quae
1482 2299 1664 2369 plures
1692 2301 1784 2352 dat
1811 2300 1876 2352 ad
1901 2300 2403 2369 reprehendendum
2429 2319 2605 2370 ansae,

429 2387 728 2457 putaverim
766 2385 966 2438 factam
1005 2404 1119 2438 esse
1157 2403 1499 2454 anonymam,
1537 2384 1696 2454 idque
1734 2386 1809 2438 ita
1835 2391 1896 2438 ut
1914 2389 2110 2438 'auctor
2146 2384 2213 2437 ab
2241 2384 2445 2439 Thrace
2471 2386 2607 2439 acci·

428 2478 579 2542 peret
606 2471 785 2524 officia
814 2473 1172 2536 ἀναγνώςεως
1199 2472 1493 2536 ἐξηγήςεως
1520 2472 1754 2540 κρίςεως,
1791 2471 2009 2524 adderet
2035 2472 2370 2536 διορθώςεως
2397 2489 2602 2537 munus,
2629 2490 2672 2525 25

431 2563 608 2611 cetera
644 2562 823 2609 autem
850 2556 1188 2625 grammatici
1225 2575 1449 2609 munera
1476 2556 1805 2625 significaret
1829 2557 2046 2609 nomine
2074 2557 2343 2622 ὀργάνων.
2408 2556 2605 2610 etenim

430 2644 595 2711 idem,
646 2644 738 2710 qui
786 2644 839 2694 in
888 2642 985 2694 has
1026 2644 1280 2711 quattuor
1328 2644 1507 2710 partes
1547 2642 1949 2711 grammaticam
1991 2641 2199 2710 divisit,
2246 2642 2607 2695 instrumenta

430 2747 641 2798 quoque
681 2731 936 2796 quattuor
974 2728 1104 2779 artis
1145 2745 1256 2779 esse
1285 2727 1419 2779 dixit
1457 2726 1531 2798 (Σ
1562 2727 1714 2797 659,ὃ
1743 2726 1944 2799 72833):
1982 2728 2431 2797 γλωςςηματικόν,
2468 2727 2605 2782 ἱςτο-

431 2816 578 2881 ρικόν
618 2812 711 2884 (=
737 2817 994 2877 γλωςςῶν
1022 2831 1079 2866 τε
1118 2814 1201 2865 καὶ
1237 2812 1481 2878 ἱςτοριῶν
1512 2813 1811 2884 ἀπόδοςις),
1851 2814 2095 2878 τεχνικόν
2136 2812 2230 2884 (=
2257 2813 2607 2879 ἐτυμολογίας

430 2901 657 2967 εὕρεςις,
699 2899 990 2963 ἀναλογίας
1030 2898 1381 2966 ἐκλογιςμός),
1421 2900 1682 2964 μετρικόν.
1761 2898 1879 2951 vide
1918 2899 2078 2950 etiam
2116 2898 2233 2951 Zur
2281 2896 2672 2953 Wiederher-so

429 2987 651 3054 stelluny
689 3004 723 3054 p
763 2985 791 3037 7
798 2985 848 3037 8.

573 3129 635 3180 ad
675 3128 731 3195 6,
760 3127 943 3180 4--13
987 3125 1212 3194 [LEOT.
1257 3125 1593 3195 ARMENII]
1666 3126 1908 3179 Alterum
1945 3130 2106 3196 caput
2144 3126 2404 3179 versionis
2438 3142 2637 3179 arme-‘

434 3216 618 3267 niacae
657 3213 723 3266 ad
761 3213 992 3264 litteram
1035 3229 1347 3264 conversum
1388 3216 1468 3264 est
1500 3212 1554 3263 in
1585 3211 1813 3264 latinum
1850 3230 2148 3264 sermonem
2175 3211 2342 3280 praef.
2369 3230 2403 3280 p
2430 3209 2604 3264 LXIV

434 3318 526 3368 seq
565 3301 618 3350 et
655 3298 860 3367 aliquot
897 3299 1008 3349 eius
1049 3297 1308 3350 vocabula
1345 3301 1591 3350 accurate
1630 3297 1914 3365 explanata
1951 3296 2078 3349 ibid.
2117 3315 2152 3365 p
2192 3294 2414 3349 LXVII.

575 3441 640 3493 ad
679 3441 735 3507 6,
762 3441 798 3492 6
841 3438 1092 3506 [Dlsoa.
1127 3438 1215 3491 ET
1252 3437 1559 3505 TESTIM.]
1618 3440 1743 3491 καθ>
1779 3439 2072 3508 ὑπόκριςιν,
2111 3439 2244 3492 κατὰ
2281 3437 2604 3508 προςῳδίαν,
2627 3466 2672 3500 35

435 3529 568 3581 κατὰ
616 3526 918 3590 διαςτολήν.
995 3524 1137 3575 hunc
1187 3524 1469 3576 verborum
1515 3523 1783 3591 ordinem,
1844 3526 1901 3577 in
1948 3542 2050 3594 quo
2097 3522 2362 3575 offendere
2411 3522 2604 3592 possi8‚

436 3616 665 3664 testatur
703 3610 862 3661 etiam
902 3620 951 3659 Σ
982 3609 1134 3678 68318
1162 3613 1320 3677 atque
1347 3609 1508 3677 plane
1539 3609 1820 3663 confirmat
1846 3611 1972 3662 ordo
1999 3628 2180 3661 earum
2209 3609 2608 3677 expositionum

439 3715 572 3766 quae
611 3700 909 3764 sequuntur
947 3714 977 3746 a
1014 3713 1049 3762 p
1088 3696 1139 3760 6,
1169 3695 1323 3757 7—7,
1360 3695 1407 3747 7.
1484 3693 1602 3745 vide
1641 3693 1757 3750 Zm-
1806 3695 2328 3762 Wiederherstelluny
2363 3711 2400 3762 p
2440 3693 2522 3745 78.

583 3839 648 3890 ad
676 3839 732 3905 6,
763 3837 832 3890 15
865 3834 1113 3908 [DlsCR.
1142 3834 1235 3886 ET
1262 3834 1567 3903 TESTIM.]
1619 3845 1670 3886 Σ
1689 3839 1746 3889 in
1774 3837 1842 3890 O:
1872 3838 1927 3901 «ἡ
1956 3838 2086 3891 κατὰ
2113 3836 2419 3891 ἀνάςταςιν»
2447 3834 2608 3901 (sicut

440 3924 648 3976 codices
687 3924 815 3975 artis
855 3921 966 3988 Le,
1005 3939 1117 3973 non
1156 3920 1450 3992 ἀνάταςιν).
1529 3922 1625 3975 οὐκ
1668 3924 1805 3976 ἐςτιν
1845 3924 2074 3977 ἐνταῦθα
2111 3922 2142 3974 ὁ
2182 3925 2216 3986 ῆ
2252 3920 2669 3980 διαζευκτικὸςω

441 4010 725 4075 ςύνδεςμος
764 4008 902 4062 ἀλλὰ
941 4007 1158 4072 ἄρθρον.
1221 4024 1357 4074 quae
1396 4006 1528 4057 mihi
1568 4004 2113 4076 Mueller-Struebing
2151 4005 2443 4072 exscripsit.
2507 4020 2606 4056 nec

441 4095 705 4161 discrepat
727 4091 1056 4145 Matritensis
1075 4092 1137 4143 81
1163 4094 1296 4142 teste
1317 4090 1598 4143 Gallandio
1625 4092 1728 4143 nisi
1751 4093 1889 4160 quod
1918 4092 2005 4144 hic
2032 4092 2149 4144 ἀλλ’
2165 4091 2366 4155 ἄρθρον
2389 4088 2601 4157 legitur.
