2808 4394
389 247 490 300 160

382 373 645 426 *μολοεεόε
680 375 773 424 119,
807 376 830 414 7

380 443 657 496 *μονοειδὲς
690 442 880 496 μέτρων
911 441 1048 493 γένος
1079 441 1165 486 XV
1196 447 1222 486 5

384 514 752 568 μονοπρόεωποι
781 512 1085 566 ἀντωνυμίαι.
1130 512 1282 556 Draco
1316 511 1442 555 Stra-

436 584 686 628 tonicensis
747 584 887 638 (teste
941 582 1189 638 Apollonio
1239 582 1442 640 Dyscolo

435 655 493 698 de
533 669 667 712 pron.
709 655 819 699 20A
841 675 895 690 =
919 654 1174 711 171Schn.)
1213 654 1441 710 διπροεώ-

434 739 554 770 που(
585 726 882 781 ἀντωνυμία(
902 725 1162 782 appellavit
1183 724 1443 780 possessiva

433 796 732 853 pronomina,
778 797 890 853 quia
927 795 1008 851 qui
1044 796 1115 840 his
1152 796 1301 839 utitur
1337 809 1442 852 per-

434 881 571 911 sonas
610 868 657 911 et
696 868 976 924 possessoris
1008 870 1057 912 et
1085 866 1286 923 possessi
1317 866 1441 921 cogi-

433 940 525 993 tat;
574 941 979 995 μονοπροεώπους
1017 938 1282 996 primitiva,
1329 950 1442 992 quo-

433 1010 559 1053 niam
590 1010 661 1054 his
691 1010 763 1054 usi
784 1010 989 1067 singulas
1009 1011 1196 1054 tantum
1217 1022 1439 1066 personas

433 1082 708 1137 cogitamus.
741 1082 1136 1136 μονοπροεώπων
1158 1093 1329 1124 nomen
1349 1079 1437 1123 hac

433 1154 478 1196 vi
507 1154 705 1210 usurpat
724 1152 999 1209 Apollonius
1031 1152 1152 1208 synt.
1179 1156 1297 1206 14922
1317 1155 1439 1206 25823

434 1223 492 1268 de
541 1238 673 1281 pron.
732 1229 807 1267 141
833 1225 874 1266 A
895 1245 950 1260 =
974 1227 1094 1279 11024
1141 1227 1194 1266 41
1217 1222 1249 1266 C
1270 1243 1325 1258 =
1347 1226 1436 1277 344.

434 1297 484 1339 at
513 1295 652 1352 plane
686 1293 780 1339 alia
811 1295 881 1338 est
911 1294 1046 1337 huius
1077 1293 1277 1337 nominis
1299 1292 1438 1348 signi-

431 1366 587 1410 ficatio
619 1365 746 1422 apud
766 1365 1086 1409 Herodianum
1119 1366 1167 1408 et
1187 1365 1438 1420 plerosque

431 1436 746 1493 posteriorum
789 1436 1132 1491 technicorum,
1181 1433 1263 1491 qui
1301 1448 1438 1489 μονο-

433 1509 667 1564 πρόεωπα
706 1521 763 1552 ea
799 1508 969 1552 tertiae
1005 1519 1233 1564 personae
1273 1517 1440 1562 prono-

431 1580 559 1623 mina
589 1579 902 1636 appellavere,
932 1578 1101 1633 quibus
1132 1591 1226 1621 non
1247 1589 1438 1632 respon-

432 1651 546 1694 dent
576 1650 747 1694 similia
775 1651 956 1706 primae
989 1650 1038 1694 et
1067 1647 1330 1693 secundae:
1361 1647 1438 1693 οὗ-

430 1736 512 1766 τος
543 1724 623 1766 ὅδε
654 1723 834 1766 ἐκεῖνος
865 1723 1026 1767 αὐτὸς.
1070 1720 1176 1765 vide
1207 1721 1271 1764 Io.
1303 1720 1437 1765 Alex.

431 1792 774 1850 233=Herod,
806 1793 826 1836 I
865 1798 969 1850 4745
1013 1793 1073 1836 Lz
1113 1793 1161 1836 et
1199 1805 1318 1846 quae
1359 1805 1438 1836 ex-

432 1864 594 1921 scripsi
626 1878 682 1908 ex
712 1864 898 1908 scholiis
919 1863 1217 1919 Dionysian'is
1238 1862 1298 1908 ad
1321 1867 1388 1914 65,
1413 1867 1434 1905 1

374 1934 1071 1994 μονοσύλλαβοιπροθέεειε
1105 1940 1171 1990 71,
1207 1940 1227 1978 1

372 2008 395 2032 *
412 2008 846 2064 μονοεχημάτιετον
886 2008 999 2051 ἔπος
1029 2007 1078 2050 in
1108 2005 1436 2064 supplemento

430 2078 624 2124 metrico
655 2077 763 2123 XIV
791 2083 848 2124 34

1196 226 1520 288 MOAoccoc
1543 267 1589 272 -
1619 235 1737 289 ΝῩΝ

1487 372 1690 416 Μοῦσα
1730 371 1994 426 exemplum
2034 370 2274 415 nominum
2302 370 2548 415 feminino-

1543 456 1646 484 rum
1678 440 1726 483 in
1755 445 1786 484 ᾶ
1817 441 2126 485 desinentium
2161 446 2227 494 16,
2260 447 2280 484 1
2486 430 2491 437 ’

1487 511 1727 569 μυγμός.
1769 514 1821 556 ἐν
1851 517 1952 556 τοῖς
1984 517 2179 567 μογμοῖε
2209 512 2356 557 locum
2384 513 2548 557 habent

1544 584 1832 628 semivocales
1863 589 1931 637 12,
1965 588 2005 626 2.
2056 582 2164 627 vide
2196 582 2548 628 adnotationem

1545 655 1593 698 et
1632 654 1866 698 Addenda
1906 652 2095 697 LXXIX
2133 659 2183 697 31
2210 678 2260 685 -
2283 652 2449 698 LXXX
2481 659 2548 701 20.

1544 728 1687 779 atque
1721 726 1787 769 cfr
1818 726 1960 769 etiam
1991 724 2132 768 schol.
2164 724 2289 779 Lips.
2320 725 2382 768 ad
2412 724 2547 774 Iliad,

1535 785 1586 840 ’Δ
1617 801 1691 840 20:
1730 797 1823 841 ἔετι
1864 797 1914 840 δὲ
1955 797 2113 849 μύζειν
2150 796 2207 838 τὸ
2246 797 2337 851 τὴν
2376 799 2549 850 φωνὴν

1543 871 1628 911 τοῦ
1660 871 1691 921 ᾗ
1724 867 1951 922 στοιχείου
1990 867 2242 921 ἑκφωνεῖν,
2282 867 2348 910 ὡς
2379 868 2431 911 ἐκ
2461 871 2547 911 τοῦ

1544 942 1572 983 ἶ
1603 940 1629 982 ὁ
1660 939 1819 993 ειγμὸε
1850 939 1926 982 καὶ
1957 937 2052 981 ἀπὸ
2083 940 2168 980 τοῦ
2200 939 2231 991 β
2262 938 2287 980 ὁ
2319 938 2473 992 ῥοῖζος

1488 1015 1630 1066 μυῖα
1660 1009 1929 1066 exemplum
1959 1013 2005 1054 ῦῖ
2034 1006 2317 1065 diphthongi
2350 1013 2414 1064 10,
2449 1013 2474 1052 7

1484 1081 1693 1137 μυριάκις
1734 1080 2002 1137 exemplum
2042 1079 2373 1124 adverbiorum
2410 1081 2550 1125 ποεό-
2606 1105 2609 1107 ,

1539 1166 1684 1207 τητο(
1716 1157 1790 1206 75,
1821 1156 1847 1195 3
1878 1152 1936 1195 'in
1975 1149 2426 1206 L³GBTVHAfb‚
2466 1150 2549 1196 sed

1542 1223 1767 1267 omittunt
1795 1222 1950 1278 prima
1981 1222 2148 1280 optimi
2169 1223 2341 1267 codicis
2360 1235 2542 1278 manus,

1540 1293 1740 1348 scholia,
1779 1294 2064 1350 erotemata,
2104 1294 2375 1348 Armenius,
2407 1293 2549 1351 Syrus

1541 1364 1678 1421 (Add.
1707 1363 1853 1409 XCIV
1884 1367 1971 1420 29).
2040 1366 2228 1422 poterat
2264 1378 2375 1409 sane
2407 1365 2548 1410 etiam

1538 1437 1663 1479 inter
1701 1435 1979 1490 quantitatis
2024 1436 2252 1497 adverbia
2294 1435 2544 1491 numerari,

1539 1518 1633 1550 non
1664 1506 1816 1551 solum
1845 1507 1969 1566 inter
2004 1507 2283 1564 numeralia,
2324 1507 2548 1563 quoniam

1539 1577 1781 1622 indefinita
1819 1591 2006 1635 quoque
2047 1579 2090 1622 ei
2121 1579 2190 1622 vis
2218 1591 2448 1636 persaepe
2477 1579 2546 1622 in-

1543 1651 1637 1694 est:
1668 1650 1729 1694 ad
1759 1654 1828 1705 75,
1862 1657 1887 1695 3

1483 1722 1593 1778 μῦς
1643 1722 1908 1777 exemplum
1957 1722 2197 1767 nominum
2242 1721 2547 1777 homonymo-

1538 1806 1643 1835 rum
1673 1797 1742 1847 36,
1775 1798 1801 1837 3
1822 1792 1894 1836 bis

1482 1865 1613 1919 meu
1640 1863 1689 1907 in
1725 1877 1920 1908 numero
1952 1863 2331 1909 coniunctionum
2361 1863 2545 1908 dubita-

1537 1934 1742 1980 tivarum
1774 1937 1846 1980 est
1874 1939 1946 1991 95,
1982 1943 1999 1979 1

1432 2252 1492 2312 N

372 2369 405 2411 ῖ)
434 2379 691 2410 consonans
726 2371 792 2421 11,
825 2370 861 2409 1.
915 2370 982 2421 11,
1009 2369 1054 2411 ,5.
1105 2368 1169 2417 14,
1204 2368 1243 2408 7.
1296 2369 1362 2415 15,
1396 2369 1436 2407 2.

433 2442 507 2493 15,
538 2444 577 2486 3,
630 2442 706 2495 16,
739 2442 778 2485 2,
849 2436 1009 2480 littera
1057 2434 1440 2478 characteristica

432 2509 621 2565 quintae
632 2510 971 2565 barytonorum
983 2505 1325 2563 coniugationis
1338 2510 1438 2560 56,2

372 2583 405 2625 ὗ
442 2582 778 2636 ἐφελκυετικὸν
817 2581 926 2623 ante
966 2591 1192 2622 consonas
1221 2578 1269 2620 in
1300 2576 1437 2623 codd.

429 2652 701 2696 melioribus
730 2651 964 2695 invenitur
997 2655 1061 2704 12,
1084 2655 1122 2696 3.
1159 2654 1223 2701 14,
1245 2653 1285 2692 8.
1320 2653 1387 2703 57,
1413 2654 1438 2692 3

372 2725 464 2769 ναὶ
510 2723 778 2781 exemplum
825 2721 1152 2766 adverbiorum
1190 2719 1438 2764 adnuendi

431 2799 500 2850 78,
533 2800 558 2838 3

373 2867 527 2921 ναίχι
567 2879 639 2909 ex.
679 2865 1012 2910 adverbiorum
1043 2862 1280 2920 adnuendi
1311 2866 1379 2916 78,
1411 2867 1437 2905 3

372 2937 526 2994 νέμω
565 2937 831 2994 exemplum
869 2935 1062 2993 quintae
1099 2934 1438 2989 barytonorum

431 3008 771 3067 coniugationis
801 3012 870 3063 56,
902 3014 927 3054 3
950 3001 954 3004 ’

375 3082 609 3142 Νέστωρ
641 3080 906 3137 exemplum
947 3078 1188 3123 nominum
1218 3075 1434 3121 masculi-

429 3166 597 3196 norum
626 3151 734 3208 in.p
766 3150 1079 3196 desinentium
1114 3155 1179 3204 15,
1212 3154 1236 3192 2

374 3223 661 3286 νεώτεροι,
692 3225 750 3279 οἱ,
783 3221 987 3280 oppositi
1016 3221 1220 3265 Homero
1253 3224 1321 3273 26,
1354 3223 1380 3263 6

373 3296 440 3351 νή
486 3310 556 3340 ex.
595 3295 924 3340 adverbiorum
962 3292 1147 3337 iurandi
1184 3290 1437 3336 adfirmati-

432 3381 595 3411 vorum
617 3373 696 3423 .84,
730 3371 755 3411 5

375 3444 470 3502 -ῆ
498 3438 767 3483 terminatio
798 3435 1228 3494 patronymicorum
1250 3431 1434 3478 femini-

430 3524 598 3555 norum
629 3514 698 3565 26,
731 3515 756 3553 5

310 3587 320 3595 “
376 3582 636 3640 Νηλήιος.
689 3582 937 3638 -ῨΝηλήιοι
983 3579 1120 3624 ἵπποι
1159 3582 1237 3632 27,
1282 3582 1300 3620 1
1348 3587 1434 3631 pro

435 3654 647 3710 Νηλήιαι,
680 3651 947 3709 exemplum
967 3649 1165 3694 nominis
1184 3646 1435 3706 possessivi

375 3723 620 3781 Νοήμων
665 3721 930 3780 exemplum
974 3720 1173 3765 nominis
1219 3733 1247 3763 a
1290 3717 1432 3762 verbo

432 3795 633 3840 derivati
663 3800 731 3851 29,
763 3799 802 3838 4.
864 3794 975 3837 *ex.
1006 3790 1190 3837 bacchii
1223 3795 1317 3844 119,
1351 3793 1376 3832 5

375 3870 510 3924 νοῦς
541 3867 598 3911 de
629 3881 765 3911 sensu
797 3864 1018 3910 orationis
1050 3869 1091 3918 6,
1122 3867 1148 3907 8

376 3941 490 3984 νοῶ
519 3944 669 3995 νοεῖς
698 3942 822 3984 νοεῖ
849 3934 1115 3992 exemplum
1145 3933 1326 3990 primae
1349 3931 1433 3975 cir—

433 4009 763 4054 cumflexorum
809 4008 1058 4052 verborum
1096 4001 1435 4060 coniugationis

434 4085 501 4133 58,
535 4086 575 4123 2.
607 4105 660 4111 —-
690 4084 867 4124 νοεῖται
896 4077 1181 4133 intelleyitur
1208 4080 1278 4129 44,
1309 4079 1335 4118 6

1483 2363 1549 2410 νύ
1580 2364 1629 2407 in
1659 2378 1850 2409 numero
1883 2365 2261 2410 coniunctionum
2283 2364 2545 2422 expletiva-

1539 2450 1642 2479 rum
1683 2437 1754 2480 est
1783 2441 1858 2490 97,
1895 2443 1930 2485 1,
2000 2435 2060 2481 ab
2099 2441 2187 2480 νῦν
2219 2438 2267 2482 et
2293 2437 2546 2493 temporali

1542 2507 1590 2550 et
1612 2508 1847 2564 expletivo
1871 2509 2093 2563 separant
2112 2508 2377 2564 Dionysius,
2403 2508 2544 2565 Apol-

1541 2577 1693 2622 lonius
1732 2577 1982 2634 Dyscolus,
2025 2579 2340 2633 Herodianus;
2387 2580 2542 2636 poste-

1540 2648 1687 2693 riores
1727 2650 1951 2707 copulant
1980 2662 2085 2694 cum
2117 2650 2377 2707 expletivo‚
2417 2650 2544 2706 quod

1537 2719 1664 2764 idem
1710 2723 1908 2765 accentu
1955 2722 2014 2766 ab
2060 2721 2312 2778 temporali
2357 2721 2544 2767 differre

1539 2792 1751 2836 censent:
1785 2793 1846 2836 ad
1876 2798 1945 2847 99,
1982 2799 2002 2836 1
2036 2793 2084 2836 in
2115 2793 2236 2837 med.
2266 2808 2297 2850 p
2331 2798 2412 2838 100

1482 2869 1677 2918 νυγμοῖε
1707 2863 1755 2907 in
1780 2863 1934 2909 L²GB
1966 2863 2202 2908 codicibus
2231 2878 2316 2921 pro
2348 2870 2543 2921 μυγμοῖε
2613 2872 2615 2874 ’

1542 2941 1608 2990 12,
1641 2940 1690 2979 22
1723 2935 1831 2980 vide
1863 2935 2213 2980 adnotationem

1481 3007 1584 3052 νῦν
1614 3005 1865 3063 Dionysius
1895 3007 1944 3051 in
1976 3007 2212 3052 adverbiis
2241 3006 2420 3065 posuit,
2461 3006 2544 3051 ubi

1536 3078 1763 3134 temporis
1793 3079 2182 3136 significationem
2220 3079 2367 3124 habet
2397 3083 2464 3133 73,
2495 3084 2540 3130 33

1538 3148 1587 3192 in
1618 3150 1997 3194 coniunctionum
2018 3151 2360 3208 expletivarum
2381 3163 2541 3194 nume-

1539 3234 1643 3263 rum
1674 3221 1881 3277 rettulit,
1914 3221 1997 3266 ubi
2027 3235 2085 3267 ex
2117 3222 2376 3266 abundanti
2408 3221 2541 3266 addi-

1537 3292 1638 3335 tum
1661 3291 1923 3348 videbatur,
1945 3298 2013 3348 99,
2039 3298 2075 3339 1.
2129 3283 2405 3350 Apollonius
2425 3292 2541 3349 Dys-
2571 3349 2574 3353 ,

1540 3362 1667 3406 colus
1697 3363 1745 3407 et
1764 3363 2056 3408 Herodianus
2085 3377 2171 3421 pro
2205 3362 2427 3408 adverbio
2457 3363 2540 3407 ha·

1537 3434 1652 3483 bent
1700 3434 1844 3478 etiam
1889 3435 1970 3479 ubi
2015 3436 2257 3490 παρέλκειε
2305 3434 2365 3479 ad
2395 3439 2466 3490 99,
2501 3437 2539 3478 1‘.

1536 3517 1690 3559 neque
1732 3505 1933 3550 docebat
1961 3505 2252 3550 Herodianus
2290 3505 2418 3561 quod
2450 3504 2540 3561 Ty-

1537 3578 1701 3620 rannio
1732 3575 1958 3621 docuerat
1990 3578 2048 3633 (v.
2081 3577 2224 3621 schol.
2255 3576 2373 3621 Ven.
2406 3578 2448 3620 A
2478 3575 2540 3620 ad

1535 3646 1585 3690 Il.
1618 3648 1654 3692 Α
1686 3650 1804 3703 421),
1843 3648 2086 3692 tenoribus
2117 3647 2310 3693 diversis
2338 3647 2462 3693 inter
2490 3659 2539 3690 se

1538 3717 1713 3763 distare
1754 3718 2039 3775 expletivum
2069 3723 2159 3764 νῦν
2187 3720 2236 3764 et
2263 3717 2538 3775 temporale,

1535 3789 1617 3833 sed
1646 3789 1913 3845 ubicunque
1934 3791 2139 3835 metrum
2159 3803 2253 3835 non
2273 3789 2536 3847 impediret,

1534 3860 1833 3905 circumflecti
1863 3874 2022 3905 vocem
2054 3861 2207 3916 iussit3
2238 3861 2308 3905 sin
2336 3861 2537 3906 metrum

1533 3930 1784 3987 flagitaret,
1805 3947 1833 3977 υ
1859 3933 2030 3990 corripi
2051 3946 2106 3978 ac
2127 3931 2270 3976 simul
2291 3932 2536 3976 accentum

1533 4002 1768 4047 inclinari:
1799 4003 1905 4048 vide
1935 4004 2062 4048 locos
2091 4005 2140 4047 in
2169 4017 2200 4059 p
2231 4008 2427 4048 99--100
2457 4016 2535 4047 ex-

1535 4074 1743 4130 scriptos.
1816 4075 2125 4131 posteriorum
2165 4087 2275 4119 vero
2306 4074 2548 4131 gramma?
