2808 4394
1029 252 1333 315 ἐπὶοετοΝ
1360 296 1412 303 -
1438 253 1789 317 ἐπιφοΡικοί

323 396 591 446 ἐπίθετον
621 399 774 454 ὄνομα
803 410 966 443 nomen
995 398 1272 443 adiectivum
1303 405 1373 453 33,

351 479 364 495 ⁰
383 475 417 513 1.
451 474 519 522 34,
551 477 576 514 3

324 538 610 587 ἐπίκοινον
640 542 777 595 γένος
809 539 1008 584 nominis
1039 544 1106 591 25,
1144 545 1163 583 1
1198 542 1247 584 et
1276 544 1302 583 2

323 602 726 668 ἐπιλεγόμενον
754 616 822 665 72,
855 615 881 654 5

323 684 643 727 ἐπιλεκτικοὺς
676 682 751 726 vel
771 682 1083 737 διακριτικοὺς
1105 681 1381 734 ςυνδέςμους

379 752 625 810 appellant
635 753 778 806 Gaza,
791 751 1017 808 Lascaris,
1043 750 1243 796 Chaleon
1250 750 1381 806 dyles

376 826 405 879 ἦ
436 843 491 860 =
522 837 660 880 quam
690 824 739 868 et
767 825 910 878 ἤπερε
942 822 1004 865 ad
1033 827 1102 876 87,
1131 828 1146 864 1
1174 852 1223 858 --
1248 825 1317 876 88,
1341 827 1379 865 2.

377 894 512 938 Prius
550 907 720 938 nomen
757 893 912 938 nescio
944 906 1004 936 an
1035 893 1380 937 restituendum

380 965 440 1007 sit
470 965 550 1010 AO
582 964 603 1007 Ι
628 970 766 1020 18922:
796 965 891 1008 ἐςτι
925 965 975 1008 δὲ
1005 966 1080 1008 καὶ
1110 966 1381 1019 διαςαφητι-

379 1037 460 1080 κὸς
493 1038 519 1080 ὁ
559 1036 892 1089 ἐλεγκτικὸς
933 1035 1222 1089 καλούμενος
1254 1037 1381 1090 παρὰ

377 1112 475 1151 τοῖς
508 1107 753 1162 (τωικοῑς,
793 1105 875 1149 ubi
904 1104 1045 1149 scribi
1072 1105 1225 1149 voluit
1254 1106 1382 1150 ἐκλε-

378 1179 534 1221 κτικὸς
576 1175 925 1221 Schoemannus
962 1175 1080 1220 Red.
1112 1178 1232 1229 217²)
1265 1177 1382 1220 duce

378 1247 628 1297 Prisciano,
661 1247 743 1302 qui
763 1247 874 1293 tom.
896 1246 960 1290 111
979 1260 1011 1302 p
1033 1251 1125 1303 9825
1155 1247 1271 1291 haec
1302 1246 1382 1291 ha-

376 1320 481 1362 bet=
521 1318 789 1363 Disertivae
830 1321 903 1368 (=
933 1318 1275 1374 διαςαφητικοί)
1314 1318 1383 1362 vel

376 1389 588 1434 electivae
615 1393 742 1444 sunt,
781 1389 968 1444 quando
1001 1389 1194 1433 diversis
1218 1401 1382 1445 propo-

373 1461 478 1505 sitis
516 1460 702 1516 aliquid
742 1474 798 1504 ex
835 1460 902 1504 eis
929 1472 1013 1504 nos
1046 1459 1209 1516 eliyere
1237 1463 1380 1504 osten-

376 1532 532 1576 dimus

317 1600 784 1664 ἐπιμεριζόμενον
842 1603 993 1658 ὄνομα
1053 1614 1217 1646 ‘nomen
1264 1602 1382 1647 divi-

372 1674 519 1719 duum
541 1674 618 1719 vel
640 1674 983 1731 dispertitivum
1003 1674 1263 1729 interprete
1284 1674 1382 1717 Pri-

373 1746 530 1790 sciano
562 1751 631 1800 33,
662 1750 703 1789 4.
736 1750 806 1801 41,
841 1750 881 1789 2.
928 1758 1049 1799 quae
1079 1744 1270 1788 nomina
1297 1757 1379 1801 po-

372 1817 590 1861 steriores
620 1815 846 1872 Dionysio
876 1814 1175 1872 grammatici
1211 1815 1260 1858 in
1290 1815 1378 1859 hac

372 1888 520 1932 classe
550 1887 808 1944 posuerint,
839 1886 948 1931 vide
971 1900 1028 1930 ex
1049 1887 1154 1930 adn.
1181 1886 1242 1930 ad
1261 1891 1330 1941 41,
1352 1893 1377 1931 3

315 1969 598 2034 ἐπίρρημα
618 1972 888 2017 adverbium
918 1977 988 2027 23,
1013 1977 1054 2016 2.
1085 1976 1154 2027 72,
1177 1976 1218 2015 4.
1252 1972 1376 2026 ἐπιρ-

371 2045 600 2100 ρημάτων
631 2049 702 2097 -73,
737 2049 759 2087 1

314 2125 680 2185 ἐπισταλτική
713 2128 864 2172 altera
886 2128 1036 2171 dativi
1057 2142 1190 2173 casus
1212 2128 1376 2186 appel-

371 2200 485 2244 lat-io
517 2205 588 2253 31,
622 2205 646 2244 7

316 2269 752 2319 ἐπισυνδέουσιν
780 2273 872 2325 τὴν
902 2271 1071 2328 φράςιν
1093 2271 1376 2315 coniwnetio-

371 2357 451 2388 nes
491 2342 801 2388 disiunctivae
839 2347 916 2397 90,
961 2347 998 2385 1.
1064 2341 1171 2386 vide
1217 2341 1377 2387 adnot.

373 2415 431 2458 de
463 2413 607 2459 verbo
637 2413 710 2456 bis
740 2412 999 2470 composito

270 2524 275 2525 ν
317 2496 572 2556 ἐπίτασις
615 2499 828 2544 intentio.
893 2498 1202 2555 superlativus
1250 2513 1378 2543 usur-

372 2571 512 2627 patur
551 2571 663 2614 κατ’
709 2570 920 2614 ἐπίταςιν
959 2570 1066 2615 ἑνὸς
1106 2571 1226 2625 πρὸς
1265 2573 1378 2615 πολ-

374 2642 486 2686 λούς
518 2646 587 2698 28,
612 2647 651 2686 3.
684 2642 978 2696 ἐπιρρήματα
1008 2641 1266 2685 ἐπιτάςεως
1296 2641 1379 2685 ad-

373 2713 527 2757 verbia
555 2712 812 2768 intentiva,
851 2711 1110 2768 interprete
1141 2710 1378 2756 Prisciano

371 2788 442 2841 84,
475 2788 497 2827 1
1047 2795 1071 2800 ··

314 2854 587 2911 *ἐπίτριτος
646 2858 861 2910 πρῶτος,
912 2854 1155 2909 δεύτερος,
1201 2854 1374 2909 τρίτος,

371 2927 599 2981 τέταρτος
633 2931 728 2980 121,
761 2929 873 2969 2-6

314 3008 692 3071 ἐπιφέρεσθαι
704 3009 920 3055 dicuntur
937 3011 1244 3055 consonantes
1255 3024 1315 3068 qu
1322 3024 1376 3055 ae

372 3072 632 3137 sequuntur
653 3081 862 3126 vocalem
888 3081 1097 3125 eiusdem
1117 3081 1260 3136 vocis,
1293 3081 1376 3126 sed

371 3152 723 3209 coniungendae
745 3158 855 3196 sunt
869 3152 1252 3208 pronuntiatione
1270 3166 1376 3196 cum

372 3224 523 3269 vocali
553 3224 879 3278 subsequentis
903 3228 969 3277 18,
1001 3228 1043 3270 4.
1078 3227 1142 3276 19,
1168 3230 1207 3267 3.
1242 3228 1310 3277 21,
1334 3228 1373 3268 1.

372 3296 504 3350 *τὴν
537 3296 888 3352 ἐπιφερομένην
919 3296 1152 3350 ςυλλαβήν
1185 3299 1283 3350 122,
1313 3299 1340 3338 4

316 3377 584 3441 ἐπιφορά.
621 3382 964 3434 ςυλλογιςτικοὶ
989 3380 1092 3435 (scil
1118 3381 1375 3435 ςύνδεςμοι)

371 3453 422 3496 δέ
461 3452 597 3506 εἰςιν,
636 3453 733 3497 ὅςοι
772 3453 892 3506 πρὸς
930 3452 1014 3496 τὰς
1054 3451 1282 3507 ἐπιφοράς
1319 3465 1373 3495 τε

372 3524 447 3566 καὶ
479 3524 731 3578 ςυλλήψεις
762 3525 825 3579 (ἲ)
867 3526 968 3566 τῶν
1000 3522 1290 3568 ἀποδείξεων
1321 3523 1372 3566 εὖ

371 3593 624 3638 διάκεινται
672 3598 751 3646 95,
796 3598 835 3637 2.
919 3593 988 3637 cfr
1032 3592 1180 3638 Crinis
1231 3592 1375 3637 Stoici

373 3664 520 3708 verba
558 3664 684 3720 apud
721 3662 959 3708 Laertium
997 3663 1083 3708 VII
1114 3668 1192 3708 76:
1232 3665 1373 3717 λόγος

373 3735 423 3779 δέ
463 3735 586 3779 ἐςτιν
623 3737 682 3780 τὸ
722 3737 1004 3790 ςυνεςτηκὸς
1040 3736 1093 3780 ἐκ
1130 3736 1374 3791 λήμματος

372 3807 401 3860 ἢ
433 3805 694 3860 λημμάτων
726 3809 801 3850 καὶ
831 3807 1147 3862 προςλήψεως
1178 3808 1252 3850 καὶ
1274 3807 1371 3850 ἐπι-

374 3881 548 3932 φορᾶς,
595 3877 699 3922 οἷον
743 3878 768 3921 ὁ
815 3881 1053 3923 τοιοῦτος’
1100 3877 1177 3922 <ei
1223 3878 1373 3932 ἡμέρα

375 3948 484 4003 ἐςτί,
517 3953 623 4003 φῶς
654 3949 762 3993 ἐςτι.
822 3949 993 4003 Ἡμέρα
1024 3949 1072 3992 δέ
1102 3950 1207 3993 ἐςτι.
1261 3949 1372 3992 Φῶς

373 4019 462 4074 ἄρα
503 4019 667 4066 ἐςτίν».
738 4022 896 4075 λῆμμα
935 4020 1019 4073 μὲν
1056 4019 1144 4075 γάρ
1183 4020 1277 4064 ἐςτι
1315 4020 1371 4063 τὸ

375 4090 455 4137 «Εἰ
487 4091 636 4147 ἡμέρα
665 4090 774 4144 ἐςτί,
805 4093 912 4145 φῶς
942 4091 1079 4143 ἐςτι»,
1111 4090 1372 4147 πρόςληψις

2386 275 2487 327 149

1476 399 1534 442 τὸ
1566 399 1770 454 «Ἡμέρα
1807 402 1858 445 δέ
1898 402 2071 455 ἐςτιν»,
2109 402 2315 458 ἐπιφορὰ
2345 402 2397 446 δέ
2426 402 2485 446 τὸ

1479 472 1611 523 «φῶς
1643 470 1732 523 ἄρα
1762 470 1882 514 ἐςτί»

1425 540 1691 594 ἐπιφορικοὶ
1722 541 1962 596 ςύνδεςμοι
1993 543 2053 586 ab
2077 542 2242 587 Stoicis
2273 556 2358 587 eae
2380 556 2486 587 con-

1482 609 1742 654 iunctiones
1801 612 2067 656 nominatae
2126 615 2256 668 sunt,
2315 614 2486 669 quibus

1486 681 1709 736 ἐπιφοραὶ
1746 681 2052 740 inducuntur,
2093 684 2221 728 velut
2250 685 2353 740 ἄρα.
2424 684 2484 727 ab

1483 750 1651 795 Stoicis
1680 765 1851 796 nomen
1873 754 2348 812 accepit.Apollonius
2369 752 2504 810 Dys—'

1484 822 1632 866 colus:
1673 822 1731 866 de
1761 823 1875 868 coni.
1907 828 2028 882 494¹3
2048 826 2085 868 B
2106 847 2160 863 =
2181 831 2303 882 2272,¹
2326 824 2482 870 Schn.:

1481 894 1508 936 ὁ
1540 893 1594 937 ἐν
1626 896 1784 949 βραχεῖ
1813 898 1883 949 τῷ
1908 899 1937 939 ἆ
1966 898 2220 951 λεγόμενος
2250 898 2353 952 ἄρα
2384 899 2483 941 ςυλ-

1483 967 1745 1018 λογιςτικός
1776 966 1871 1010 ἐςτι
1904 969 2192 1020 καλούμενος
2224 970 2253 1022 ἢ
2275 968 2483 1022 ἐπιφορι-
2512 956 2515 959 ’

1486 1036 1582 1080 κός.
1641 1040 1760 1092 52229
1790 1057 1846 1073 =
1876 1042 2019 1094 25423:
2052 1040 2108 1082 οὐ
2141 1039 2289 1091 μόνον
2321 1038 2483 1095 ἐπιφο-

1484 1108 1613 1160 ρικός
1671 1110 2088 1163 παραλαμβάνεται
2132 1108 2232 1164 (scil
2284 1111 2310 1153 ὁ
2355 1110 2483 1165 ἄρα),

1485 1177 1589 1221 ἀλλ’
1619 1179 1857 1234 ἀπειράκις
1878 1181 1952 1223 καὶ
1976 1182 2483 1235 παραπληρωματικός.

1485 1252 1603 1304 51919
1625 1269 1680 1285 =
1702 1255 1842 1305 25127:
1873 1253 1949 1295 καὶ
1979 1251 2030 1294 ἐν
2061 1256 2160 1295 τοῖς
2180 1251 2485 1305 καλουμένοις

1483 1322 1604 1375 πρὸς
1639 1324 1779 1376 ἡμῶν
1818 1323 1902 1375 μὲν
1940 1325 2319 1375 ςυλλογιςτικοῑς,
2367 1324 2485 1376 πρὸς

1483 1391 1534 1434 δέ
1563 1396 1663 1435 τῶν
1696 1392 1920 1437 Ετωικῶν
1951 1393 2241 1448 ἐπιφορικοῖς
2272 1394 2368 1438 ἐςτι
2400 1407 2483 1436 πα-

1483 1463 1756 1517 ραδέξαςθαι
1771 1465 1862 1518 τὴν
1873 1478 1926 1518 ςη
1933 1463 2096 1517 μαςίαν
2107 1464 2271 1508 αὐτῶν
2281 1465 2487 1520 (aynosei

1485 1532 1613 1577 debet
1640 1534 1712 1578 vis
1740 1538 1864 1578 certa
1893 1535 2267 1578 coniumetionum
2297 1535 2486 1590 expleti-

1482 1606 1679 1658 varwm).
1740 1605 1828 1649 τὸν
1856 1605 2055 1650 τοίνυν
2086 1606 2219 1661 (ante
2249 1607 2338 1649 τὸν
2368 1605 2486 1649 Bek-

1483 1674 1570 1718 ker
1601 1674 1738 1719 coicit
1767 1675 2036 1720 addendum
2067 1689 2167 1719 esse
2198 1677 2321 1729 λὲγω
2342 1677 2410 1732 δέ)
2433 1677 2484 1721 ἐκ

1483 1746 1567 1790 δύο
1627 1750 2141 1802 παραπληρωματικῶν
2201 1752 2482 1801 ςυνεςτῶτα,

1481 1818 1558 1860 καὶ
1602 1818 1669 1861 ἔτι
1715 1818 1833 1871 μετὰ
1875 1821 1962 1861 τοῦ
2006 1817 2111 1873 γάρ
2156 1818 2208 1861 ἐν
2252 1823 2323 1871 τῷ
2367 1833 2485 1863 τοι·

1478 1889 1704 1943 γάρτοι,
1750 1890 1827 1932 καὶ
1873 1889 1990 1943 μετὰ
2025 1892 2111 1932 τοῦ
2152 1890 2254 1933 οὖν
2291 1903 2483 1943 τοιγα-

1478 1963 1580 2013 pos)
1593 1973 1634 2003 v.
1688 1961 1884 2014 δύναμιν
1921 1961 2011 2015 γὰρ
2042 1960 2226 2014 ἔχουςιν
2255 1960 2302 2004 οἱ
2331 1965 2486 2004 τοιοῦ-

1477 2043 1550 2074 τοι
1590 2031 1697 2086 ἴςην
1733 2036 1804 2087 τῷ
1846 2031 1950 2085 ἄρα
1980 2031 2332 2088 ςυςτελλομένῳ
2364 2033 2485 2075 κατὰ

1477 2102 1534 2144 τὸ
1577 2105 1624 2145 ἃ.
1699 2104 1776 2146 καὶ
1823 2103 2032 2157 εἴρηνται
2073 2105 2157 2156 μέν
2204 2103 2483 2158 ἐπιφορικοί,

1478 2174 1595 2217 καθὸ
1636 2174 1942 2229 ἐπιφέρονται
1988 2178 2088 2218 τοῖς
2121 2175 2483 2229 λελημματιςμέ-

1478 2258 1591 2289 νοις.
1633 2244 1703 2289 «ei
1739 2246 1892 2300 ἡμέρα
1930 2245 2051 2298 ἐςτί,
2092 2248 2199 2300 φῶς
2238 2245 2332 2288 ἐςτι
2372 2245 2484 2301 (hoc

1480 2318 1640 2371 λῆμμα
1661 2315 1881 2370 equidem
1904 2316 2066 2359 contra
2087 2315 2300 2359 codicum
2322 2317 2481 2359 aueto-

1480 2387 1670 2430 ritatem
1702 2385 1895 2442 addidi).
1945 2386 2066 2430 ἀλλὰ
2088 2388 2180 2441 μὴν
2202 2387 2354 2441 ἡμέρα
2375 2387 2483 2432 ἐςτί.

1481 2463 1586 2512 φῶς
1628 2459 1718 2514 ἄρα
1762 2453 1878 2510 ἐςτί,
1924 2461 2178 2516 τοιγαροῦν
2223 2462 2328 2512 φῶς
2374 2458 2483 2505 ἐςτι.

1448 2570 1458 2578 ,
1481 2533 1587 2585 φῶς
1635 2530 1799 2573 τοίνυν
1844 2529 1980 2574 ἐςτί».
2054 2524 2390 2581 ςυλλογιςτικοί
2434 2530 2484 2573 δέ

1481 2600 1589 2656 (scil
1620 2601 1873 2656 εἴρηνται),
1921 2601 2086 2643 καθότι
2117 2599 2194 2644 ἐπί
2223 2613 2338 2644 τιςιν
2369 2600 2479 2644 ἀπο-

1480 2671 1684 2726 δείξεςιν,
1716 2672 2174 2725 ἐπιςυλλογιζόμενοι
2203 2671 2261 2714 τὸ
2292 2673 2483 2723 ςυναγό-

1481 2756 1647 2797 μενον,
1693 2743 2036 2797 προςχρώμεθα
2079 2746 2179 2785 τοῖς
2219 2741 2482 2795 ςυνδέςμοις

1475 2815 1642 2861 τοῖςδε.
1674 2814 1821 2868 «ἔχεις
1845 2827 1933 2867 μου
1954 2813 2101 2856 πέντε
2123 2812 2341 2866 δραχμάς.
2364 2812 2483 2866 ἔχεις

1477 2885 1528 2928 δέ
1559 2886 1636 2928 καὶ
1665 2889 1807 2941 τρεῖς.
1859 2886 1978 2939 ἔχεις
1999 2884 2090 2938 ἄρα
2111 2884 2240 2926 ὀκτὼ
2259 2882 2481 2938 δραχμάς,

1477 2956 1595 3008 ἔχεις
1616 2955 1782 2999 τοίνυν
1804 2955 1933 2999 ὀκτὼ
1955 2955 2204 3012 δραχμάς».
2250 2954 2334 2996 ubi
2356 2953 2482 3007 quod

1477 3025 1703 3081 Dyscolus
1746 3026 1816 3069 ita
1859 3025 2069 3079 loquitur
2119 3025 2254 3078 quasi
2304 3023 2480 3068 eisdem

1476 3095 1647 3139 finibus
1676 3097 1894 3140 notiones
1925 3098 2288 3149 ςυλλογιςτικῶν
2321 3095 2369 3138 et
2387 3096 2480 3139 ἐπι-

1477 3171 1690 3222 φορικῶν
1722 3166 2101 3223 circumscriptae
2131 3165 2244 3219 sint,
2285 3179 2377 3209 non
2406 3179 2478 3209 re·

1475 3237 1614 3293 spicit
1644 3238 2038 3294 προςληπτικούς,
2070 3236 2151 3292 qui
2180 3235 2271 3293 ipsi
2292 3249 2479 3292 quoque

1479 3311 1814 3362 ςυλλογιςτικοὶ
1836 3309 1957 3362 sunt,
1990 3308 2072 3351 sed
2091 3307 2321 3352 inducunt
2340 3308 2478 3364 πρός-

1477 3382 1620 3434 ληψιν
1665 3379 1694 3422 i.
1738 3393 1776 3424 e.
1821 3378 2189 3437 propositionem
2235 3379 2476 3434 minorem,

1475 3450 1605 3494 velut
1634 3451 1864 3506 ἀλλαμήν.
1916 3451 2083 3496 eadem
2119 3442 2300 3494 ratione
2330 3450 2478 3505 loqui-

1473 3522 1550 3564 tur
1580 3521 1792 3578 Dionysii
1827 3522 2060 3578 interpres
2089 3524 2139 3565 Σ
2165 3526 2341 3578 9701-9.
2401 3523 2471 3565 at·

1475 3605 1566 3647 que
1634 3592 1943 3637 conferendus
2010 3592 2155 3635 etiam
2212 3592 2474 3637 Priscianus

1473 3664 1584 3707 tom.
1607 3663 1673 3706 ΙΙΙ
1702 3677 1733 3720 p
1758 3665 1898 3720 100,5:
1936 3662 2206 3708 Collectivae
2234 3663 2304 3707 vel
2333 3663 2474 3707 ratio-

1473 3734 1602 3778 nales
1620 3739 1731 3780 sunt
1761 3748 1888 3792 erqo
1918 3735 2102 3791 iyitur
2122 3734 2318 3790 itaque
2338 3735 2475 3790 quin

1473 3805 1763 3862 alioquin·
1811 3807 1969 3852 immo
2036 3805 2233 3862 utique
2290 3805 2473 3862 atqui,

1471 3877 1555 3920 hae
1575 3878 1695 3921 enim
1707 3891 1794 3933 per
1813 3879 2068 3923 illationem
2088 3877 2310 3934 colliywnt
2328 3889 2474 3932 supra

1474 3947 1649 3992 dictum
1679 3983 1998 3998 ........
2059 3949 2302 3994 Dicwntwr
2320 3952 2475 3994 tamen

1473 4018 1654 4063 eaedem
1672 4020 1894 4074 illativae,
1928 4020 2050 4076 quod
2062 4019 2343 4075 praepositis
2361 4019 2473 4064 aliis

1471 4088 1758 4146 inferwntur.
1815 4090 1920 4139 vide
1951 4090 2012 4140 ad
2042 4095 2110 4149 95,
2141 4095 2167 4139 2
2188 4115 2240 4122 -
2262 4096 2331 4149 96,
2361 4095 2386 4139 2
