2814 4400
397 282 558 325 LXXX
1061 279 1355 324 ADDEN'DA
1387 280 1463 323 ΕΤ
1494 280 1886 325 CORRIGENDA

392 412 425 463 ἃ
454 413 501 464 δ’
528 413 665 463 ἐετὶν
704 410 906 474 ἁπάεηε
944 409 1139 474 ἄμοιρα
1176 413 1364 476 φωνῆς
1402 411 1486 462 καὶ
1523 411 1714 476 ψόφου
1753 410 1836 462 καὶ
1875 409 1976 473 οὐχ
2015 408 2105 461 οἶά
2129 426 2185 461 τε
2210 408 2445 474 ἠχεῖεθαι
2471 426 2556 462 κα·
2593 408 2602 414 “

390 496 632 549 Θ’ἑαυτά·
675 496 758 547 διὸ
798 496 861 558 δὴ
901 498 1067 547 ταῦτα
1111 495 1205 558 μὲν
1246 494 1447 561 ἄφωνά
1482 512 1622 548 τινες
1652 495 1922 560 ἑκάλεεαν,
1961 494 2156 559 θάτερα
2192 495 2252 546 δὲ
2288 493 2556 560 ἡμίφωνα.

389 581 632 632 Sextus
657 577 770 630 Em
779 579 895 646 pir.
935 578 1052 630 adv.
1080 579 1460 646 grammaticos
1500 582 1532 646 ξ
1568 580 1664 631 102
1690 598 1723 647 p
1750 579 1900 647 62128
1923 576 1990 630 Β;
2029 584 2140 632 τῶν
2168 581 2227 632 δὲ
2254 579 2558 644 ευμφώνων

387 668 453 718 τὰ
490 667 585 729 μεν
624 663 879 729 ἡμίφωνά
906 664 1009 716 {cn
1035 664 1156 743 κατ’
1184 664 1381 717 αὐτοὺς
1415 663 1534 733 (scil
1561 667 1687 717 τοὺς
1713 653 2128 731 γραμματικοὺς)
2165 665 2232 717 τὰ
2259 664 2318 716 δὲ
2343 662 2558 731 ἄφωνα,

390 752 473 802 καὶ
511 750 765 815 ἡμίφωνα
803 751 898 815 μὲν
937 748 1036 802 ὅεα
1074 749 1149 801 δι’
1176 750 1354 802 αὑτῶν
1396 750 1576 815 ῥοῖζον
1615 751 1646 814 ἢ
1688 751 1871 815 ειγμὸν
1898 751 1929 814 ἢ
1959 750 2163 814 μυγμὸν
2189 748 2221 813 ἤ
2248 766 2366 802 τινα
2390 765 2560 813 παρα-
2604 758 2625 790 5

387 836 612 898 πλήειον
660 832 795 899 ἦχον
845 836 979 887 κατὰ
1025 835 1122 898 τὴν
1171 835 1472 899 ε’κφώνηειν
1524 836 1810 888 ἀποτελεῖν
1858 835 2165 901 πεφυκότα,
2215 834 2451 897 καθάπερ
2496 834 2559 886 τὸ

389 941 415 989 ζ
452 940 482 986 Θ
522 937 550 986 λ
590 936 623 998 μ
660 936 691 986 V
732 939 757 988 ξ
797 952 826 999 ρ
868 952 893 987 c
933 953 974 1000 φ
1014 951 1045 998 χ
1084 953 1150 998 ψ,
1191 935 1223 997 ἣ
1264 934 1339 987 ὡς
1376 936 1531 1004 τινές,
1570 936 1732 1000 χωρὶς
1767 938 1864 988 τοῦ
1904 921 2055 987 ὄκαὶ
2093 937 2138 999 ᾧ
2175 933 2259 985 καὶ
2295 936 2327 996 5(
2364 934 2559 986 τὰλει-

391 1022 599 1085 πόμενα
649 1019 817 1072 ὀκτώ·
878 1020 1079 1086 ἄφωνα
1126 1020 1185 1072 δέ
1232 1020 1337 1072 ἑετι
1391 1020 1459 1072 ’τὰ
1508 1022 1634 1086 μήτε
1684 1022 1945 1086 ευλλαβὰε
2003 1019 2126 1071 καθ’
2174 1018 2337 1070 ἑαυτὰ
2383 1019 2561 1071 ποιεῖν

391 1105 661 1170 δυνάμενα
698 1105 824 1169 μήτε
864 1104 1012 1169 ἤχων
1053 1097 1332 1168 ἰδιότητας,
1372 1105 1504 1158 αὐτὸ
1544 1108 1603 1158 οε
1641 1106 1811 1171 μόνον
1852 1105 1981 1171 μετὰ
2018 1108 2126 1157 τῶν
2167 1101 2350 1155 ἄλλων
2383 1119 2560 1155 ευνεκ-

391 1206 752 1273 φωνούμενα,
800 1205 1037 1268 καθάπερ
1077 1208 1105 1269 β
1142 1207 1176 1266 Ῠ
1206 1194 1243 1257 ἶ)
1282 1223 1311 1256 κ
1348 1223 1388 1257 π
1426 1224 1481 1271 τ,
1521 1206 1552 1270 ἢ
1593 1205 1668 1258 ὡς
1707 1206 1866 1268 ἔνιοι,
1916 1206 2001 1258 καὶ
2035 1205 2098 1256 τὸ
2131 1191 2173 1256 ’ὅ
2206 1207 2249 1269 ᾧ
2284 1206 2335 1268 i.
2416 1200 2561 1253 Hali-
2586 1213 2629 1248 ιο
2685 1246 2687 1250 ,
2748 1206 2750 1209 “

392 1288 726 1342 carnasensis
774 1289 937 1340 verba
991 1289 1068 1339 ita
1124 1289 1339 1356 scripsi,
1400 1292 1460 1341 ut
1507 1290 1791 1342 constituit
1837 1288 2107 1342 Vsenerus
2156 1291 2280 1340 ante
2314 1286 2563 1339 'indicem

390 1375 679 1428 lectionum
732 1373 1003 1425 Bonnens.
1080 1372 1104 1423 I
1154 1391 1200 1424 a.
1246 1373 1380 1426 1878
1427 1394 1462 1443 p
1511 1373 1667 1438 XVI,
1728 1374 1962 1443 exceptis
2009 1373 2229 1426 duobus.
2306 1371 2565 1424 vocabula

390 1461 533 1512 enim
585 1476 769 1510 sonum
819 1458 1090 1509 imitantia
1138 1457 1296 1510 haece
1346 1459 1435 1511 ille
1475 1459 1619 1511 dedit
1666 1477 1772 1511 uno
1810 1458 2055 1511 Parisino
2094 1457 2250 1510 duce:
2304 1457 2492 1523 ῥοῖζον
2529 1457 2562 1522 ἢ

391 1546 640 1611 ευριγμὸν
668 1545 699 1608 ἢ
737 1544 1081 1611 ποππυεμόν,
1120 1560 1437 1612 quamquam
1466 1548 1518 1596 et
1554 1544 1842 1597 scholiasta
1871 1542 2224 1613 Hermogenis
2251 1545 2306 1594 et
2332 1540 2564 1594 Lauren-

388 1632 565 1683 tianus
605 1626 772 1681 codex
810 1632 866 1680 et
904 1630 1139 1697 epitoma
1163 1647 1260 1697 pro
1300 1633 1552 1695 ευριγμοῦ
1581 1633 1634 1681 et
1670 1634 1997 1696 ποππυεμοῦ
2034 1626 2342 1681 nominibus
2379 1627 2563 1694 ειγμὸν
2588 1635 2630 1670 15
2688 1645 2691 1647 ’

391 1720 445 1768 et
492 1712 1004 1781 uuwovexhibent
1050 1718 1209 1780 atque
1256 1715 1287 1779 ἢ
1335 1717 1541 1782 μυγμὸν
1587 1718 1710 1783 post
1759 1715 1943 1781 ῥοῖζον
1992 1715 2024 1780 ἢ
2064 1713 2314 1779 ευριγμὸν
2351 1713 2384 1776 ἢ
2423 1729 2564 1766 ποπ-

391 1802 596 1866 πυεμὸν
636 1798 941 1850 Marcianus
988 1797 1164 1851 habet.
1233 1800 1415 1865 ῥοῖζον
1452 1803 1482 1865 ἢ
1522 1803 1704 1867 ειγμὸν
1742 1802 1773 1865 ἢ
1812 1800 2016 1866 μυγμὸν
2057 1798 2347 1867 genuinam
2385 1796 2564 1849 lectio-

393 1905 515 1938 nem
555 1902 668 1937 esse
709 1883 871 1935 etiam
899 1882 1117 1935 Sextum
1156 1888 1343 1937 testari
1381 1890 1528 1955 puto,
1571 1904 1691 1938 cum
1731 1885 1962 1938 dubitari
2000 1886 2234 1954 nequeat
2270 1882 2400 1951 quin
2432 1899 2565 1952 quae

393 1968 853 2025 Halicarnasensis
881 1968 944 2019 de
972 1970 1379 2023 semivocalibus
1402 1971 1556 2024 docet
1583 1974 1635 2024 et
1661 1989 1795 2040 quae
1814 1969 2118 2039 Empiricus
2144 1967 2324 2036 tradit,
2367 1968 2563 2036 partim

396 2076 458 2110 ex
499 2055 682 2108 eodem
719 2052 871 2105 fonte
910 2054 1134 2106 oriunda
1172 2056 1296 2108 sint.
1802 2089 1807 2095 -
2570 2043 2630 2094 ΞΟ

538 2227 604 2279 ad
657 2224 749 2293 13,
777 2224 811 2278 3
860 2230 958 2278 τοῦ
993 2213 1026 2279 ὃ
1065 2227 1147 2279 καὶ
1183 2230 1214 2280 τ
1252 2231 1306 2279 et
1343 2228 1407 2280 ad
1451 2229 1544 2296 14,
1575 2230 1601 2282 l
1644 2231 1706 2282 τὸ
1746 2231 1805 2281 δὲ
1842 2217 1873 2280 ὃ
1910 2234 1985 2296 τῷ
2020 2231 2073 2280 τε
2115 2226 2177 2278 de
2204 2225 2568 2279 conlocatione

400 2316 697 2366 litterarum
735 2329 783 2362 v.
823 2310 940 2363 Zur
987 2310 1508 2383 Wiederherstelluny
1547 2333 1581 2383 p
1620 2315 1701 2366 79.

540 2470 606 2523 ad
647 2467 740 2535 14,
770 2467 800 2520 7
845 2466 1066 2535 [LECT.
1095 2455 1436 2540 ARMENIIJ
1501 2471 1707 2524 Clarius
1746 2469 2029 2522 dicendum
2074 2471 2210 2530 erat,
2254 2466 2567 2544 Armenium

400 2555 723 2610 convertisse
769 2553 906 2618 ὑγρὰ
944 2555 1165 2619 τέεεαρα
1211 2575 1311 2608 nec
1358 2557 1643 2626 quicquam
1691 2555 1890 2608 habere
1928 2554 2067 2623 quod
2106 2552 2426 2621 respondeat
2461 2549 2568 2603 illis

401 2643 595 2695 verbis:
637 2637 941 2705 ἀμετάβολα
980 2641 1038 2691 δὲ
1078 2643 1627 2705 λέγεται-καλεῑται,
1703 2640 1784 2692 cfr
1820 2639 1884 2692 ad
1924 2639 2008 2703 21,
2036 2640 2084 2694 2.
2591 2655 2635 2689 25

545 2804 610 2855 ad
654 2803 747 2861 14,
776 2793 928 2847 7--9
970 2793 1224 2864 [DISGR.
1265 2797 1357 2851 ΕΤ
1396 2797 1702 2864 ΤΕΞΤΙΜ.]
1781 2795 2024 2865 Cogitari
2071 2796 2275 2863 potest,
2324 2810 2387 2845 ea
2434 2808 2572 2861 quae

409 2888 608 2942 Psellus
647 2889 711 2940 de
750 2888 1035 2955 explanato
1075 2886 1252 2948 ὑγρῶν
1291 2884 1507 2936 nomine
1548 2884 1601 2934 in
1642 2884 1835 2948 ετὶχοιε
1874 2881 2017 2945 dicit,
2058 2877 2335 2931 referenda
2359 2894 2476 2929 esse
2501 2875 2568 2928 ad

403 2976 533 3027 haec
574 2973 818 3043 Dionysii
858 2972 1041 3023 verba:
1082 2970 1164 3023 ὅτι
1204 2969 1268 3022 οὐ
1309 2971 1826 3037 μεταβάλλει-τῶν
1866 2967 2170 3032 ὀνομάτων.

544 3147 607 3198 ad
663 3147 753 3215 15,
785 3146 1005 3212 1-16‚
1033 3144 1066 3196 5
1117 3141 1366 3212 [DlSOR.
1408 3139 1500 3193 ΕΤ
1538 3138 1851 3207 TESTIM.]
1926 3137 2012 3189 Ad
2059 3138 2222 3188 totam
2265 3134 2329 3187 de
2377 3132 2572 3186 litteris

367 3232 654 3283 'finalibus
713 3232 1100 3299 expositionem
1159 3226 1509 3280 conferendus
1567 3226 1711 3277 locus
1763 3221 2069 3276 Aristotele-i
2126 3222 2245 3285 περὶ
2301 3221 2636 3285 ποιητικῆεεο

406 3318 571 3368 libelli
612 3335 653 3369 c.
682 3318 746 3368 21
778 3321 908 3368 extr.
938 3335 971 3384 p
1004 3314 1137 3366 1458
1151 3332 1323 3382 a5„,7,
1364 3330 1515 3380 quem
1558 3309 1782 3362 exhibeo
1810 3309 1949 3361 sicut
1981 3307 2177 3375 legitur
2211 3305 2267 3357 in
2296 3302 2476 3357 codice
2502 3303 2572 3354 Ac

407 3421 516 3454 non
556 3402 748 3454 additis
786 3404 973 3454 contra
1010 3399 1165 3451 huius
1199 3398 1319 3449 libri
1360 3396 1729 3448 auctoritatem
1756 3394 1860 3445 nisi
1898 3394 1987 3458 eis,
2027 3409 2160 3460 quae
2191 3388 2434 3442 addenda
2458 3404 2573 3440 esse

407 3488 581 3556 quivis
623 3487 900 3539 concedet:
949 3486 1129 3539 αὐτῶν
1168 3486 1228 3537 δὲ
1264 3488 1372 3537 τῶν
1413 3481 1698 3547 ὀνομάτων
1737 3481 1803 3532 τὰ
1841 3481 1935 3543 μὲν
1975 3478 2175 3543 ἄρρενα
2210 3477 2278 3529 τὰ
2315 3475 2374 3527 δὲ
2411 3473 2575 3538 θήλεα

406 3574 472 3626 τὰ
513 3575 570 3626 δὲ
610 3574 816 3638 μεταξύ,
857 3572 1056 3637 ἄρρενα
1095 3572 1189 3635 μὲν
1231 3569 1328 3622 ὅεα
1364 3571 1585 3635 τελευτᾷ
1624 3565 1695 3618 εἰ(
1733 3566 1796 3617 τὸ
1838 3565 1877 3616 Ν
1919 3564 2001 3617 καὶ
2029 3563 2066 3615 Ρ
2105 3562 2224 3629 <καὶ
2251 3562 2329 3628 Σ>
2367 3558 2452 3612 καὶ
2476 3556 2575 3611 ὅεα

407 3661 463 3711 ἐκ
510 3659 709 3711 τούτου
761 3659 1044 3720 εύγκειται,
1093 3659 1259 3707 ταῦτα
1297 3655 1351 3706 δ’
1389 3654 1525 3706 ἐετὶν
1574 3652 1674 3703 δύο
1688 3691 1701 3718 ,
1750 3651 1798 3702 Ψ
1836 3651 1919 3702 καὶ
1959 3648 2034 3710 Ξ,
2083 3648 2247 3710 θήλεα
2284 3646 2343 3697 δὲ
2381 3642 2480 3696 ὅεα
2517 3642 2640 3695 exau

409 3747 517 3798 τῶν
557 3744 892 3810 φωνηέντων
932 3741 1007 3794 εἴς
1045 3757 1099 3793 τε
1128 3742 1192 3792 τὰ
1225 3740 1307 3791 ἀεὶ
1334 3738 1519 3805 μακρά,
1561 3735 1680 3787 οἷον
1709 3734 1782 3786 εἰ(
1811 3734 1851 3787 Η
1879 3734 1964 3786 καὶ
1990 3731 2050 3800 Ω,
2091 3732 2175 3784 καὶ
2211 3734 2319 3783 τῶν
2345 3729 2574 3782 ἐπεκτει-

410 3831 656 3895 νομένων
704 3829 776 3881 εἰε
822 3829 887 3880 Α·
938 3825 1069 3878 ὥετε
1117 3824 1202 3876 'ica
1251 3824 1518 3889 ευμβαίνει
1564 3821 1736 3884 πλήθη
1787 3818 1858 3871 εἰς
1907 3817 2004 3871 ὅεα
2052 3818 2117 3869 τὰ
2155 3815 2355 3882 ἄρρενα
2391 3814 2473 3866 καὶ
2511 3811 2577 3864 τὰ

409 3916 589 3978 Θήλεα.
647 3915 709 3966 τὸ
747 3913 850 3978 γὰρ
883 3912 930 3965 Ψ
970 3912 1053 3963 καὶ
1090 3911 1152 3962 τὸ
1186 3910 1231 3962 Ξ
1270 3914 1379 3977 (τῷ
1408 3909 1484 3976 Σ>
1522 3905 1688 3959 ταύτά
1726 3905 1881 3956 ἐςτιν.
1940 3903 2012 3956 εἰ(
2052 3904 2109 3955 δὲ
2147 3902 2376 3967 ἄφωνον
2414 3896 2576 3950 οὐδὲν

412 3999 586 4064 ὄνομα
623 4002 862 4067 τελευτᾷ,
903 3995 1030 4049 οὐδὲ
1070 3995 1141 4048 εἰ(
1180 3997 1401 4061 φωνῆεν
1442 3992 1626 4059 βραχύ.
1701 3989 1772 4062 εἰ(
1811 3989 1869 4041 δὲ
1907 3988 1969 4039 τὸ
2010 3989 2020 4040 Ι
2062 3986 2179 4051 τρία
2216 3985 2404 4051 μόνον,
2442 3981 2575 4048 μέλι,

414 4085 582 4149 κόμμι,
623 4085 829 4148 πέπερι.
887 4082 960 4135 εἰ(
1000 4082 1057 4133 δὲ
1095 4082 1157 4133 τὸ
1186 4080 1232 4131 Υ
1259 4080 1433 4131 πέντε.
1493 4078 1557 4129 τὰ
1595 4077 1653 4128 δὲ
1693 4074 1881 4139 μεταξὺ
1918 4072 1989 4124 εἰ(
2024 4074 2189 4124 ταῦτα
2222 4071 2306 4123 καὶ
2338 4068 2380 4121 Ν
2408 4067 2493 4120 καὶ
2516 4067 2575 4119 Σ.
2598 4085 2642 4118 40
