2814 4400
373 242 494 286 XLII
769 242 847 286 DE
879 242 1267 287 EROTEMATIS
1298 247 1382 299 (Ε)
1414 243 1494 287 DE
1526 212 2151 289 SCRIPTORIBVS‘ALIIS

374 370 515 439 quod
541 372 766 423 stemma
793 370 902 422 noli
921 371 998 423 ita
1016 371 1361 440 interpretari
1381 372 1529 441 quasi
1548 371 1957 442 Moschopulum
1978 372 2062 424 vel
2082 371 2268 426 Nilum
2286 373 2535 426 manibus

374 456 485 508 suis
523 455 732 507 trivisse
770 454 945 523 ipsum
982 453 1463 526 Guelferbytanum
1500 456 1693 509 librum
1731 460 1939 526 putem:
1987 456 2151 509 immo
2188 458 2341 526 posui
2378 458 2537 512 Guel-

376 539 648 608 ferbytani
674 557 870 592 nomen
896 557 992 608 pro
1018 543 1133 593 toto
1161 559 1357 610 genere
1385 559 1565 594 eorum
1593 540 1990 610 exemplarium,
2018 558 2152 610 quae
2180 542 2537 611 antiquiorem

376 627 728 678 erotematum
767 625 1017 693 speciem,
1058 626 1475 679 correctionibus
1512 625 1895 695 Moschopuliis
1934 624 2158 679 liberam
2196 626 2536 680 exhibebant.
2613 616 2620 623 ⁶

373 709 491 762 aliis
539 726 663 761 vero
708 708 863 762 huius
910 710 1121 779 generis
1169 710 1437 763 codicibus
1475 709 1884 779 Moschopulum
1931 708 2220 780 Nilumque
2265 729 2388 764 usos
2425 730 2539 765 esse
2581 725 2604 760 5

380 795 528 863 patet
577 811 642 846 ex
689 811 799 847 non
839 794 1000 848 nullis
1038 795 1182 860 lociS,
1228 795 1319 848 ubi
1366 795 1424 848 in
1462 794 1883 864 Guelferbytano
1923 794 2209 864 depravata
2246 798 2371 848 sunt
2405 813 2541 866 quae

374 878 512 948 apud
576 877 697 931 illos
752 880 1131 949 grammaticos
1178 883 1321 933 recte
1370 880 1568 948 scripta
1613 880 1976 934 inveniuntur.
2063 879 2309 934 Ceterum
2355 879 2540 935 Nilum

378 963 730 1032 antiquiorem
800 963 1026 1018 formam
1090 967 1144 1017 et
1204 964 1544 1034 Moschopuli
1606 965 1901 1018 doctrinam
1962 964 2237 1018 miscuisse
2298 965 2541 1019 nondum

376 1047 767 1114 intellexeram,
808 1066 928 1101 cum
966 1049 1374 1102 adnotationem
1412 1050 1653 1102 criticam
1693 1050 2100 1119 componebam,
2151 1049 2239 1102 sed
2281 1049 2542 1119 opinabar

375 1132 685 1188 Cretensem
742 1151 831 1185 eas
893 1134 1245 1193 correctiones
1292 1135 1500 1187 auxisse
1548 1134 1738 1203 quibus
1785 1135 1890 1187 iam
1941 1135 2006 1187 ab
2054 1133 2186 1188 Chio
2233 1134 2327 1186 illa
2373 1138 2543 1188 forma
2563 1154 2607 1187 ιο

377 1218 661 1271 immutata
717 1222 870 1271 esset.
955 1222 1282 1295 quapropter
1336 1220 1437 1272 hoc
1492 1222 1843 1272 erotematum
1901 1219 2087 1272 ordine
2144 1237 2268 1271 usus
2318 1237 2435 1271 sum
2483 1219 2542 1272 in

376 1303 672 1372 scripturae
720 1302 1079 1372 discrepantia
1126 1303 1474 1372 proferenda:
1514 1314 1590 1363 Eg
1614 1315 1687 1362 Εγ
1712 1304 1784 1364 Εἴ)
1810 1309 1890 1362 Et.
1975 1302 2123 1356 cuius
2171 1305 2248 1357 rei
2297 1303 2557 1374 quamvis-

372 1388 582 1458 pigeat,
622 1390 804 1440 tamen
842 1388 942 1440 hac
981 1388 1298 1440 conlocandi
1334 1389 1544 1441 ratione
1582 1391 1855 1457 tamquam
1891 1389 2036 1458 turpi
2072 1406 2241 1442 naevo
2280 1389 2541 1442 deforma-

374 1476 487 1524 tam
537 1490 651 1525 esse
700 1473 1107 1526 adnotationem
1153 1491 1327 1526 meam
1374 1491 1486 1525 non
1534 1473 1966 1526 existimaverim.
2042 1473 2144 1527 hoc
2197 1474 2341 1527 enim
2379 1475 2542 1527 etiam

375 1575 520 1610 nunc
578 1560 816 1625 constat,
875 1557 941 1610 ab
998 1557 1221 1628 antiqua
1277 1558 1857 1648 interrogamentorum
1904 1558 2082 1628 specie
2131 1558 2317 1611 abesse
2354 1558 2540 1613 Nilum
2565 1576 2608 1611 15

374 1643 595 1711 propius
633 1661 791 1712 quam
832 1642 1256 1711 Moschopulum.

514 1727 635 1781 Hoc
682 1732 859 1782 autem
906 1746 1116 1798 quoque
1163 1729 1281 1782 loco
1331 1727 1466 1798 Ege
1482 1727 1687 1780 nolffi
1735 1728 2001 1780 industria
2051 1727 2405 1781 collaudanda
2443 1731 2542 1796 est,

375 1832 480 1882 qua
551 1813 977 1884 Guelferbytana
1048 1813 1268 1866 Niliana
1337 1812 1704 1883 Tubingensia
1775 1816 2068 1866 erotemata
2130 1813 2545 1884 diligentissime
2623 1877 2629 1880 ⁶

375 1897 674 1950 describere
724 1897 1041 1969 dedignatus
1090 1917 1201 1951 non
1250 1900 1354 1966 est,
1403 1901 1686 1967 postquam
1735 1898 1838 1950 sibi
1875 1898 2168 1968 persuasit,
2209 1897 2396 1968 quanti
2433 1915 2543 1951 mo-

374 1983 543 2035 menti
581 1983 647 2035 ad
673 1983 1067 2052 pernoscendas
1093 1983 1330 2053 origines
1357 1984 1739 2053 grammaticae
1764 1984 2078 2036 recentioris
2104 1982 2161 2035 hi
2185 1982 2309 2035 libri
2338 1985 2542 2053 essent3
2567 2003 2610 2037 20

375 2068 504 2120 item
542 2068 737 2121 iterum
766 2069 1137 2138 conquerenda
1164 2072 1245 2121 est
1267 2068 1578 2138 typothetae
1605 2067 2080 2140 MannhemiensiS,
2121 2069 2207 2122 cui
2230 2067 2545 2138 Egenolffus

380 2153 819 2206 catechismorum
859 2154 1298 2224 compositionem
1335 2153 1572 2219 tradidit,
1612 2154 1833 2223 inertia,
1873 2153 2098 2222 denique
2137 2152 2448 2223 optandum,
2486 2156 2548 2206 ut

382 2238 553 2291 editor
590 2257 722 2309 quae
761 2239 1144 2308 epilegomenis
1182 2239 1430 2308 promisit
1468 2242 1797 2308 exsequatur.

519 2324 664 2386 Quae
704 2343 767 2376 ex
806 2323 1501 2386 Schellersheimiano
1541 2324 1722 2377 codice
1748 2325 2041 2377 erotemata
2079 2323 2386 2377 Sturzius
2423 2326 2548 2394 post

376 2409 810 2479 Etymologicum
851 2408 1154 2462 Gudianum
1191 2429 1226 2479 p
1252 2409 1534 2462 669—682
1570 2409 1748 2473 edidit,
1789 2410 1908 2478 ipsa
1947 2428 2153 2479 quoque
2191 2409 2399 2482 habent·
2432 2426 2546 2462 cor·
2568 2427 2612 2461 25

376 2494 640 2546 rectiones
690 2493 1115 2563 MoschopuliaS,
1164 2494 1283 2548 aliis
1333 2494 1467 2547 locis
1514 2512 1634 2547 cum
1683 2495 1982 2563 antiquiore
2019 2495 2196 2547 forma
2233 2493 2547 2560 concinunt,

379 2579 459 2631 cfr
513 2579 906 2632 dissertationis
962 2579 1269 2648 epistolicae
1324 2598 1474 2632 meae
1529 2599 1563 2648 p
1603 2578 1681 2632 XI
1696 2581 1739 2632 ³¹².
1835 2577 1934 2631 nec
1989 2579 2222 2632 intactae
2278 2579 2548 2634 Cretensis
2596 2566 2614 2584 ³

378 2665 624 2717 doctrina
662 2665 1110 2734 interrogationes
1146 2663 1704 2717 vindobonenses
1753 2666 1901 2732 sunt,
1951 2683 2014 2716 ex
2069 2665 2261 2733 quibus
2299 2666 2549 2734 excerpta

378 2750 579 2818 publici
627 2750 757 2802 iuris
804 2750 933 2803 fecit
970 2749 1331 2803 Mauritius
1371 2747 1669 2803 Schmidt
1705 2748 1895 2804 Philol.
1936 2748 2069 2802 VIII
2107 2749 2238 2817 516,
2287 2749 2369 2803 cfr
2405 2749 2550 2803 infra

379 2835 444 2887 ad
482 2854 517 2904 p
544 2835 626 2901 22,
656 2836 704 2888 5.
932 2850 934 2852 ’
2569 2853 2613 2886 ao
2700 2916 2701 2919 Ἴ
2765 2782 2814 2934 ἑ

521 3019 937 3090 Scriptorum
976 3020 1263 3073 aliorum
1301 3020 1520 3073 nomina
1546 3038 1677 3088 quos
1707 3018 1961 3087 Dionysio
1987 3037 2112 3071 usos
2140 3036 2255 3071 esse
2282 3021 2376 3071 aut
2397 3020 2548 3088 patet

382 3108 475 3157 aut
514 3106 801 3179 verisimile
840 3108 921 3157 est
959 3106 1123 3158 indici
1161 3105 1489 3158 meo‘latino
1528 3104 1732 3157 inserta
1756 3104 2101 3173 reperientur.
2177 3121 2308 3172 quae
2345 3104 2390 3156 si
2429 3103 2546 3172 quis

388 3190 786 3258 perlustraverit
823 3190 1071 3259 locosque
1110 3190 1476 3243 adnotationis
1511 3189 1621 3241 illic
1655 3189 1920 3242 indicatos
1957 3188 2227 3254 evolverit,
2267 3206 2384 3240 eum
2422 3205 2546 3240 con·

384 3275 512 3341 fido,
566 3276 769 3327 etiamsi
828 3275 891 3327 de
943 3275 1162 3328 technes
1220 3278 1437 3327 auctore
1488 3273 1730 3326 dubitare
1786 3273 2019 3326 nondum
2077 3274 2307 3338 desinat,
2365 3276 2547 3326 tamen

392 3359 621 3428 amplius
659 3378 768 3411 non
808 3378 921 3412 esse
960 3362 1304 3428 opinaturum
1343 3359 1483 3428 quod
1523 3360 1682 3411 etiam
1721 3357 2033 3411 Lehrsius
2072 3359 2103 3411 ὁ
2141 3360 2303 3425 πάνυ,
2352 3357 2547 3411 studio·
2569 3378 2611 3411 ss

383 3462 498 3495 rum
537 3447 838 3496 nostrorum
878 3444 1134 3507 conditor,
1175 3445 1428 3514 opinatus
1455 3448 1552 3512 est,
1594 3443 1946 3512 compositum
1973 3435 2085 3495 esse
2124 3441 2269 3496 hunc
2306 3441 2544 3495 libellum
2618 3439 2625 3444 ⁴

383 3531 507 3597 post
559 3527 773 3597 Dyscoli
833 3529 1046 3597 eiusque
1101 3529 1198 3581 filii
1254 3547 1439 3583 aevum
1492 3546 1731 3598 opusque
1781 3546 1896 3580 esse
1953 3527 2081 3579 artis
2141 3525 2546 3598 senescentis*).

383 3699 594 3743 censitae.
651 3697 978 3741 Adnotationis
1012 3698 1163 3742 verbis
1205 3698 1402 3742 Thracis
1439 3713 1468 3742 a
1497 3711 1572 3742 me
1604 3697 1894 3754 subscriptae
1925 3697 2051 3742 locos
2083 3711 2183 3751 eos,
2219 3697 2298 3751 qui
2328 3696 2388 3741 ad
2419 3696 2544 3742 cate-

389 3769 588 3814 chismos
610 3768 917 3825 Dionysianos
949 3768 1201 3825 pertinent,
1235 3771 1480 3825 congestos
1509 3768 1691 3812 invenis
1721 3767 1768 3811 in
1797 3768 1949 3812 indice
1982 3767 2128 3812 latino
2160 3767 2246 3812 sub
2275 3766 2347 3811 his
2378 3766 2543 3811 titulis:

389 3841 657 3884 Erotemata
695 3839 994 3896 Dionysiana
1023 3840 1348 3893 vetustissima,
1394 3839 1903 3895 Erot.1'ubinyensia,
1947 3838 2031 3887 Er
2070 3837 2542 3895 Schellersheimiana‚
2567 3853 2609 3888 40

386 3910 469 3954 Er.
507 3910 893 3965 Vindobonensia,
926 3909 1251 3965 Moschopulus
1285 3910 1527 3964 Cretensis,
1556 3909 1701 3954 Nilus
1734 3909 1888 3955 Chius.

505 3983 546 4033 *)
602 3982 703 4026 vide
743 3981 972 4025 Analecta
1008 3979 1316 4037 grammatica
1354 3980 1547 4025 editioni
1585 3980 1864 4037 scriptorum
1910 3980 2312 4025 Herodianeorum
2360 3979 2545 4023 adnexa

388 4065 416 4106 p
439 4055 537 4094 437.
604 4054 810 4095 ceterum
850 4052 937 4096 hac
976 4051 1022 4094 in
1062 4064 1112 4094 re
1154 4064 1330 4095 errasse
1368 4049 1613 4095 Lehrsium
1651 4050 1902 4108 plerisque,
1946 4051 2132 4107 opinor,
2178 4050 2273 4094 iam
2310 4048 2543 4106 persuasit
