2814 4400
765 285 844 329 DE
876 282 1448 328 INTERPRETATIORE
1481 282 1840 328 ARMENIACA
2236 281 2382 325 XLIII

225 415 346 467 vide
381 413 599 466 nomina
645 412 719 466 M.
759 410 1070 465 Terentii
1107 409 1467 473 VarroniS,
1506 408 1912 477 TryphoniS‚
1952 408 2381 477 Asclepiadis

227 497 586 567 Myrleani‚
638 495 951 564 Dionysii
988 492 1720 563 Halicarnasensis(?),
1769 493 2081 547 Philonis
2127 492 2382 559 Iudaei,

227 580 506 634 Remmii
546 580 993 647 Palaemonis,
1046 577 1311 632 Claudii
1358 576 1654 646 Didymi,
1703 576 2058 630 Heliodori
2094 577 2379 640 metrici,

226 664 646 735 Suetonii(‘?),
687 662 1038 734 Apollonii
1062 661 1365 732 Dyscoli‚
1406 660 1793 727 Herodiani,
1834 661 2383 731 HephaestioniS,

183 749 340 802 sori
377 748 648 802 Milesii.

368 904 448 957 De
518 903 1097 973 interpretatione
1171 902 1543 954 armeniaca
1618 900 1910 969 disputavit
1980 901 2383 955 Adalbertus

226 989 517 1042 Merxius
569 987 938 1041 dissertatione
984 986 1069 1039 his
1115 985 1511 1056 prolegomenis
1552 984 1820 1038 adiuncta.
1895 985 2035 1054 quod
2074 987 2384 1054 opusculum

228 1073 476 1126 doctrina
522 1071 710 1141 edepol
755 1071 1151 1141 sagacitateque
1194 1070 1471 1123 abundans
1520 1071 1827 1140 gratissimo
1875 1070 2054 1122 animo
2100 1089 2131 1122 a
2180 1089 2265 1123 me
2302 1089 2385 1123 ac-

164 1175 206 1208 10
228 1160 441 1226 ceptum
490 1175 603 1210 esse
647 1173 830 1208 omnes
878 1155 1111 1224 credent.
1186 1155 1274 1207 vix
1322 1154 1601 1223 quisquam
1649 1154 1853 1221 credet,
1910 1153 2050 1206 idem
2096 1155 2237 1207 inter
2285 1174 2385 1210 nos

225 1260 395 1310 paene
440 1241 605 1294 fuisse
648 1240 795 1292 rixae
840 1258 1066 1294 causam.
1139 1239 1278 1309 quod
1322 1242 1504 1292 tamen
1549 1238 1750 1292 factum
1803 1241 1909 1307 est,
1958 1256 2074 1291 cum
2125 1255 2250 1309 eg0‚
2302 1242 2384 1292 ut-

223 1330 347 1395 pote
397 1326 507 1378 ludi
553 1325 834 1394 magister,
886 1325 943 1376 in
990 1325 1166 1377 verbis
1220 1324 1363 1377 haud
1400 1325 1583 1393 paucis
1630 1323 1953 1376 offenderem
1992 1341 2055 1376 ac
2090 1325 2387 1378 mutatione

224 1410 408 1479 utique
446 1428 580 1479 opus
618 1427 730 1462 esse
769 1410 1080 1478 arbitrarer,
1116 1409 1207 1462 ille
1243 1409 1541 1478 praefracte
1578 1399 1861 1478 repelleret
1897 1410 2382 1462 correcturientem.

226 1498 341 1549 tum
379 1495 438 1548 in
473 1496 713 1564 tempore
750 1494 1060 1547 recordatus
1086 1512 1203 1546 sum
1240 1493 1571 1546 Lachmanni
1610 1511 1808 1559 vocem,
1848 1494 1935 1562 qui
1966 1493 2139 1546 dicere
2177 1494 2385 1546 solebat

162 1596 203 1628 15
227 1579 498 1632 neminem
544 1579 710 1632 latine
760 1579 1107 1631 scribentium
1163 1596 1277 1631 esse
1334 1577 1423 1648 (de
1469 1578 1807 1647 loquentibus
1854 1578 2063 1631 videtur
2109 1578 2381 1649 tacuisse),

226 1666 356 1734 quin
394 1683 490 1717 sua
525 1663 912 1733 quadamtenus
952 1663 1214 1716 latinitate
1252 1666 1509 1716 uteretur.

366 1749 755 1818 Intellegentur
791 1750 965 1800 autem
1005 1766 1075 1800 ex
1112 1748 1473 1816 disputatione
1512 1747 1789 1800 Merxiana
1827 1765 1948 1800 cum
1987 1747 2092 1799 alia
2127 1750 2243 1818 tum
2280 1748 2383 1800 hoc

229 1833 546 1896 clarissime,
573 1832 885 1900 interpretis
910 1850 1103 1884 munus
1130 1832 1205 1884 ita
1229 1832 1544 1885 Armenium
1570 1831 2023 1884 administravisse
2036 1874 2051 1900 ,
2080 1835 2140 1885 ut
2166 1851 2384 1901 operam

226 1919 384 1987 plane
409 1917 671 1981 inutilem,
710 1917 840 1986 quin
865 1917 1104 1985 ineptam
1130 1917 1423 1985 susciperet
1458 1917 1503 1969 is
1530 1917 1619 1986 qui
1644 1918 1702 1968 in
1726 1935 1878 1969 usum
1906 1919 2149 1969 nostrum
2191 1918 2384 1986 (plebis

161 2018 204 2051 20
225 2001 530 2072 philologae
570 2002 716 2069 dico,
757 2003 841 2054 cui
868 2002 1107 2055 armenia
1132 2002 1318 2071 lingua
1343 2002 1677 2055 bohemicum
1704 2002 1880 2073 sonat)
1915 2002 2063 2054 illam
2088 2003 2385 2055 versionem

221 2087 280 2139 in
327 2087 555 2139 latinum
600 2104 903 2140 sermonem
951 2091 1262 2140 convertere
1314 2090 1606 2142 conaretur.
1679 2087 1840 2139 immo
1886 2086 1988 2139 hac
2026 2087 2140 2139 sola
2177 2087 2384 2140 ratione

224 2189 288 2224 ex
326 2170 420 2225 illo
468 2171 619 2224 fonte
663 2171 878 2224 haurire
926 2171 1080 2237 licet,
1128 2174 1190 2224 ut
1233 2172 1499 2224 variarum
1547 2189 1682 2240 quae
1727 2172 1786 2223 in
1823 2172 1954 2223 artis
1993 2173 2383 2241 exemplaribus

221 2256 573 2309 inveniuntur
609 2256 900 2309 lectionum
936 2259 991 2309 et
1028 2273 1207 2309 eorum
1245 2274 1382 2326 quae
1419 2255 1735 2309 scholiastae
1760 2257 2102 2326 praecipiunt
2136 2257 2383 2313 notitiam

222 2343 411 2394 nactus
447 2342 619 2393 virum
657 2341 959 2393 armeniace
997 2340 1212 2394 doctum
1238 2342 1302 2394 de
1335 2341 1560 2410 singulis
1597 2341 1726 2394 locis
1766 2342 2029 2395 consulas,
2093 2342 2243 2394 cuius
2282 2360 2382 2411 ope

159 2442 201 2475 25
223 2425 505 2495 intelleges
542 2428 635 2477 aut
680 2426 894 2478 cuinam
940 2426 1156 2478 lectioni
1205 2426 1491 2478 Armenius
1537 2426 1904 2495 patrocinetur
1939 2430 2032 2479 aut
2069 2426 2384 2479 scholiastae

223 2510 415 2563 veteris
450 2512 737 2578 praecepto
765 2528 884 2562 eum
921 2528 1074 2563 usum
1099 2527 1213 2563 esse
1251 2513 1343 2563 aut
1368 2510 1650 2563 dissentire
1676 2511 1742 2563 ab
1779 2511 2006 2564 testibus
2032 2511 2385 2580 explanatori-

222 2595 425 2664 busque
461 2595 724 2649 omnibus,

364 2679 581 2732 Etenim
628 2680 1029 2749 explanationes
1076 2697 1294 2751 graecas
1346 2681 1421 2733 eis
1458 2699 1590 2750 quae
1637 2683 1864 2733 aetatem
1911 2681 2151 2735 tulerunt
2187 2683 2386 2735 similes

223 2764 540 2817 Armenium
577 2764 790 2817 novisse
827 2768 879 2817 et
921 2783 1206 2834 usurpasse
1243 2784 1424 2832 nemo,
1464 2766 1678 2834 opinor,
1716 2766 1940 2836 negabit
1963 2766 2055 2835 qui
2093 2767 2386 2820 adnotatio-

160 2866 207 2898 30
227 2869 323 2903 nes
372 2849 439 2902 ad
486 2849 584 2902 hos
632 2850 761 2901 artis
806 2850 949 2902 locos
996 2851 1313 2918 inspexerit:
1360 2870 1395 2919 p
1422 2851 1473 2917 8,
1499 2850 1534 2903 5
1583 2850 1727 2919 (vide
1774 2851 1935 2903 etiam
1975 2869 2110 2919 quae
2147 2852 2291 2904 infra
2327 2853 2385 2904 in

223 2934 496 2987 Adde-ndis
521 2934 587 2987 ad
612 2934 666 2986 h.
693 2933 726 2986 l.
756 2933 1046 3005 adnotavi).
1087 2935 1172 3004 32,
1202 2937 1248 2988 1.
1287 2936 1372 3002 65,
1398 2935 1592 3004 2-66,
1621 2937 1668 2988 1.
1709 2935 1792 3003 75,
1825 2939 1871 2987 1.
1900 2936 1984 3002 78,
2011 2937 2054 2988 1.
2096 2937 2181 3002 80,
2213 2940 2256 2989 1.
2298 2938 2383 3006 94,

227 3019 427 3084 2-95,
460 3021 506 3071 1.
549 3019 674 3084 100,
700 3018 749 3072 2.
838 3019 1028 3087 quibus
1080 3019 1341 3073 accedunt
1386 3019 1443 3072 hi
1491 3020 1618 3085 loci,
1674 3020 1766 3072 ubi
1821 3038 1939 3072 cum
1986 3021 2386 3075 adnotationem

228 3104 554 3175 scribebam,
611 3107 704 3156 aut
750 3104 1128 3174 ambigendum
1174 3104 1308 3156 mihi
1356 3122 1469 3157 esse
1516 3105 1800 3174 opinabar,
1859 3108 2035 3157 utrum
2087 3106 2383 3159 dissensum

226 3189 470 3241 Armenii
507 3206 572 3241 ex
609 3191 786 3242 vetere
824 3189 1023 3241 scholio
1060 3208 1131 3242 an
1169 3208 1232 3242 ex
1271 3189 1595 3259 discrepanti
1633 3190 1763 3242 artis
1802 3191 2094 3259 exemplari
2120 3191 2383 3260 ducerem,

159 3289 202 3322 35
228 3276 322 3326 aut
345 3291 410 3326 ex
436 3274 694 3326 eiusmodi
726 3275 968 3343 exemplo
1008 3274 1123 3326 sine
1149 3274 1481 3328 dubitatione
1519 3274 1845 3342 derivabam‚
1884 3275 2109 3343 posthac
2135 3294 2202 3328 ex
2229 3276 2382 3330 scho-

224 3359 411 3411 liastae
447 3359 623 3411 verbis
661 3359 1008 3427 repetendum
1047 3377 1169 3412 eum
1194 3377 1309 3411 esse
1347 3359 1618 3412 intellexi:
1657 3360 1770 3433 pb9,
1798 3359 1847 3412 8.
1893 3361 1973 3429 12,
1999 3360 2048 3412 2.
2090 3361 2177 3429 33,
2206 3362 2254 3414 6.
2295 3362 2382 3428 47,

221 3443 271 3495 3.
311 3443 396 3510 60,
421 3443 579 3496 2-3.
1644 3509 1650 3515 ⁶
2046 3493 2051 3498 .

364 3526 474 3579 Vbi
509 3530 689 3580 autem
714 3529 1004 3581 Armenius
1042 3529 1368 3581 dissentit
1404 3529 1477 3581 ab
1515 3529 1932 3582 lectionibus
1969 3531 2383 3600 interpreta-

222 3611 666 3679 tionibusque
705 3614 1037 3681 omnibUS,
1087 3613 1334 3666 dissentit
1370 3613 1563 3682 partim
1600 3614 1915 3667 vernaculae
1950 3615 2166 3683 linguae
2202 3616 2382 3668 indole

158 3712 202 3744 40
224 3698 462 3748 coactus:
501 3696 621 3748 vide
647 3697 1016 3750 adnotationes
1042 3697 1108 3750 ad
1132 3717 1167 3766 p
1193 3699 1271 3762 10,
1298 3699 1344 3750 6.
1388 3699 1470 3764 11,
1497 3697 1688 3766 5-13,
1714 3699 1763 3751 3.
1807 3699 1886 3765 13,
1914 3699 2105 3766 3-14,
2133 3700 2181 3751 2.
2225 3700 2305 3764 19,
2332 3702 2380 3752 2.

221 3780 308 3848 26,
334 3780 385 3832 4.
421 3780 507 3848 56,
533 3780 723 3846 2-59,
754 3783 834 3834 10.
870 3783 956 3849 61,
985 3782 1179 3850 2-62,
1207 3783 1256 3835 5.
1295 3783 1382 3850 62,
1408 3783 1458 3834 4.
1485 3783 1567 3846 66,
1596 3783 1622 3834 1
1652 3783 1778 3850 (125
1802 3783 1883 3835 III
1910 3784 2096 3837 9—17.
2138 3783 2236 3836 126
2262 3783 2289 3835 Ι
2319 3785 2383 3836 12

121 3863 126 3867 ’
227 3866 282 3916 et
319 3863 371 3916 II
396 3865 480 3917 32.
525 3866 621 3917 127
651 3864 702 3917 ΙΙ
733 3866 959 3934 13-22)
1005 3870 1163 3935 atque
1210 3866 1598 3919 dissertationis
1636 3867 1943 3925 Merxianae
1982 3870 2142 3935 caput
2178 3867 2272 3920 IV.
2314 3899 2381 3908 —

224 3989 535 4035 Mauritius
566 3990 823 4035 Schmidt
850 3992 1022 4049 insigni
1050 3993 1133 4037 illa
1162 3993 1219 4036 de
1257 3992 1477 4048 Dionysio
1506 3992 1684 4038 Thrace
1716 3993 2028 4050 disputatione
2058 4007 2179 4048 quae
2208 3994 2382 4055 legitur

223 4060 274 4102 in
304 4060 539 4118 Philologi
568 4062 696 4105 tomo
729 4061 839 4104 VIII
869 4076 900 4117 p
931 4067 1170 4107 231—253.
1201 4068 1440 4110 510—520.
