2808 4394
870 296 1401 344 DENOMINATIVVM
1422 323 1477 330 —
1498 297 1784 343 DONATVS

251 428 735 473 denominativum
783 415 971 480 uomere,
1019 426 1308 480 παρώνυμον

308 500 479 553 ὄνομα,
510 504 580 554 29,
613 504 648 546 1.
679 500 748 542 cfr
776 496 992 554 Append.
1020 509 1053 552 p
1083 500 1152 547 28,
1183 501 1221 543 3.
1258 501 1308 539 18

308 571 357 613 et
385 582 416 624 p
447 574 517 622 29,
553 574 619 612 11.
651 574 719 616 30.
750 573 802 611 41

251 640 536 695 deponens
563 639 800 683 verborum
829 651 994 695 qeuus:
1026 635 1086 680 ad
1106 641 1175 689 49,
1198 640 1308 679 2-3

308 710 375 765 (in
392 709 512 754 med.
531 724 562 766 p
579 711 651 764 50)
674 710 722 752 et
742 708 835 755 ind.
851 722 920 765 gr.
940 707 1027 751 sub
1048 708 1308 760 ἀποθετικὴ

250 780 407 824 diale
421 781 512 824 cti.
573 778 780 824 Libellus
817 781 923 834 περὶ
961 779 1220 822 διαλέκτων
1257 778 1307 819 ἐκ

306 855 407 894 τῶν
439 851 659 894 Ἰωάννου
695 853 1016 909 γραμματικοῦ
1054 852 1306 902 τεχνικῶν,

306 919 415 964 XVI
450 925 631 966 11—22.
662 918 792 962 XXV
827 924 876 962 14
908 920 958 962 et
989 924 1055 962 15.
1086 917 1165 961 LV
1196 923 1248 961 21

251 991 478 1047 Didymi
505 989 720 1047 (Claudii,
739 1003 833 1033 non
852 989 1164 1040 Chalcenteri;
1189 1001 1308 1032 saec,

307 1063 325 1106 I
346 1078 390 1119 p.
403 1061 534 1117 Chr.)
555 1061 676 1104 liber
691 1062 898 1115 περὶτῆς
915 1061 1042 1114 παρὰ
1060 1059 1307 1113 Ῥωμαίοις

306 1132 578 1186 ἀναλογίαςε
596 1131 655 1174 ad
665 1120 897 1185 53,6-—57‚
909 1135 936 1173 4
953 1130 1018 1186 (in
1035 1129 1154 1173 med.
1174 1143 1204 1184 p
1220 1130 1306 1183 54).

307 1205 519 1256 54,2ter.
550 1206 618 1255 55,
644 1206 751 1244 1—2
783 1202 832 1244 et
861 1204 985 1244 3—4.
1017 1204 1086 1256 56,
1112 1205 1134 1242 1

249 1273 659 1318 diminutivum
706 1284 893 1325 nomeu,
949 1270 1307 1325 ὑποκοριετικὸν

307 1345 480 1398 ὄνομα,
511 1347 580 1395 28,
601 1346 713 1386 6--7
744 1355 846 1384 cum
882 1341 1057 1394 adnot,
1091 1341 1305 1398 Append.

306 1429 338 1470 p
368 1419 438 1468 32,
458 1417 598 1457 8—25

251 1483 595 1544 Diomedes„
638 1483 1022 1539 artigraphus
1072 1482 1308 1537 latinus,

310 1554 601 1610 Dionysiana
622 1554 768 1598 habet
790 1554 979 1610 (partim
1001 1555 1211 1598 correcta
1233 1553 1308 1596 vel

311 1628 438 1669 certe
461 1626 683 1679 mutata):
717 1624 778 1668 VI
802 1630 870 1672 39.
902 1625 964 1668 ad
985 1631 1026 1678 5,
1049 1631 1074 1668 3
1106 1624 1193 1680 (cfr
1215 1625 1307 1668 Ad-

306 1696 461 1740 denda
475 1694 687 1739 LXXVII
704 1699 792 1751 33).
814 1699 853 1747 6,
876 1702 912 1739 1.
945 1701 984 1748 7,
1002 1700 1043 1738 4.
1075 1701 1115 1747 8,
1133 1700 1158 1738 5
1181 1696 1228 1749 (p
1249 1695 1308 1749 9).

310 1772 376 1821 17,
398 1772 439 1813 3.
482 1771 546 1819 18,
568 1770 721 1819 3—19‚
744 1771 783 1813 3.
829 1770 897 1820 20,
919 1769 945 1808 6
978 1767 1025 1821 (p
1057 1766 1143 1819 21).
1190 1770 1262 1819 22,
1287 1771 1307 1807 1

307 1838 483 1894 (corr.)
516 1842 586 1890 24,
608 1840 720 1880 3-5
736 1836 909 1890 (corn),
941 1841 1011 1891 25,
1034 1840 1072 1879 2.
1106 1841 1177 1890 27,
1200 1840 1313 1878 3-5

307 1912 464 1962 (corn,
513 1906 582 1950 cfr
627 1906 860 1950 Addenda
907 1921 939 1962 p
977 1905 1185 1950 LXXXV
1226 1908 1313 1958 37).

305 1983 375 2032 28,
397 1983 424 2022 3
446 1980 620 2032 (corn).
661 1982 730 2031 28,
753 1982 879 2020 6—7.
920 1982 988 2030 30,
1015 1981 1121 2019 1-4
1144 1977 1312 2031 (mut).

308 2055 379 2103 31,
403 2053 440 2094 7.
470 2053 541 2102 40,
558 2053 585 2091 4
606 2049 770 2105 (mut.).
802 2053 872 2101 42,
894 2054 920 2092 3
938 2050 1103 2101 (mut.).
1134 2051 1206 2101 47,
1228 2053 1311 2090 3—

306 2125 333 2162 4
363 2120 412 2174 (p
434 2121 528 2174 48).
561 2124 632 2174 51,
654 2123 765 2162 4-5
798 2121 847 2175 (p
870 2121 955 2173 52).
989 2123 1058 2172 60,
1079 2124 1205 2162 2—3.
1239 2122 1307 2171 70,

306 2190 592 2244 2—3(mut.).
611 2194 679 2245 76,
698 2194 736 2232 3.
767 2194 837 2243 85,
864 2196 897 2235 1.
912 2188 1182 2233 —coneinit
1200 2201 1307 2231 cum

306 2259 557 2317 Apollonio
579 2259 800 2316 Dyscolo:
832 2259 892 2304 ad
922 2264 994 2314 86,
1016 2265 1127 2303 3-4
1149 2260 1198 2315 (Ρ
1220 2263 1308 2311 87).

308 2331 540 2376 consentit
570 2345 676 2374 cum
706 2330 1024 2388 grammaticis
1053 2329 1306 2385 byzantiis:

311 2402 371 2445 ad
402 2408 471 2456 22,
494 2408 520 2446 5
551 2403 600 2459 (p
622 2403 708 2457 23).
756 2406 827 2458 42,
854 2407 890 2447 1.
942 2399 1172 2445 consentit
1202 2413 1309 2443 cum

307 2473 410 2517 aliis
453 2472 774 2529 grammaticis
816 2471 973 2516 latinis
1017 2485 1046 2515 a
1084 2470 1307 2526 Dionysio

243 2536 252 2538 s
308 2543 598 2600 discrepans:
629 2543 690 2587 ad
714 2548 778 2597 19,
800 2548 954 2596 6—20,
976 2548 1001 2585 2
1019 2542 1103 2589 bis.
1135 2547 1203 2595 20,
1226 2546 1305 2584 4-

311 2619 380 2668 22,
402 2619 443 2660 2.
473 2619 543 2669 21,
570 2613 677 2659 1“-3
699 2616 748 2658 et
766 2619 806 2661 2.
837 2618 907 2669 24,
930 2617 1055 2674 ²3,—5·
1088 2617 1158 2666 30,
1187 2616 1308 2658 1--4.

311 2691 380 2738 35,
402 2691 428 2729 3
444 2684 516 2728 bis
548 2687 598 2729 et
615 2690 643 2728 4
663 2684 746 2730 bis,
780 2689 850 2740 36,
873 2691 899 2728 3
921 2686 969 2728 et
989 2688 1028 2728 5.
1059 2689 1130 2736 37,
1155 2687 1309 2735 1—38,

309 2761 350 2800 5.
388 2759 460 2810 38,
481 2761 521 2799 6.
553 2759 624 2808 30,
648 2761 687 2800 1.
724 2760 794 2810 42,
815 2761 855 2802 3.
889 2760 963 2809 44,
985 2760 1012 2799 3
1043 2756 1092 2797 et
1122 2759 1162 2796 4.
1192 2757 1260 2806 46,
1283 2757 1311 2795 4

307 2830 404 2870 —5.
434 2831 559 2880 48,1.
591 2831 658 2878 63,
681 2831 792 2870 2—3
813 2828 861 2882 (p
878 2829 965 2879 64).
997 2830 1066 2880 72,
1086 2828 1210 2868 4-5,
1242 2829 1311 2878 73,

312 2902 433 2943 1-2.
466 2901 532 2950 74,
557 2902 593 2941 1.
626 2902 695 2951 75,
721 2903 739 2940 1
765 2899 814 2941 et
833 2902 872 2940 3.
904 2902 973 2951 79,
996 2901 1022 2940 3
1051 2898 1100 2951 (p
1122 2898 1212 2950 80).
1243 2900 1311 2948 80,

314 2974 349 3010 1.
379 2972 448 3021 80,
467 2973 493 3011 3
524 2969 573 3024 (Ρ
591 2970 677 3023 81).
708 2973 777 3022 83,
799 2974 834 3011 1.
857 2973 926 3022 85,
948 2974 980 3012 1.
1014 2968 1083 3010 cfr
1098 2967 1310 3010 Addend.

310 3053 341 3094 p
376 3043 565 3093 18-36,
604 3038 685 3083 ubi
714 3037 956 3082 Diomedis
989 3039 1047 3083 de
1078 3037 1311 3082 adverbiis

310 3109 359 3151 et
387 3108 626 3152 nominum
645 3109 889 3166 speciebus
910 3112 1167 3166 praecepta
1187 3122 1308 3153 com·

310 3179 468 3235 posita
496 3182 606 3224 sunt
633 3193 738 3223 cum
760 3180 916 3224 verbis
937 3180 1233 3236 Dionysianis
1264 3180 1314 3223 et

312 3251 512 3294 aliorum
529 3250 846 3294 technicorum
865 3251 1129 3296 latinorum.
1141 3276 1192 3282 —
1206 3250 1311 3294 Dio·

312 3323 480 3366 medea
525 3321 583 3365 de
630 3322 833 3366 caesuris
871 3321 1134 3366 hexametri
1173 3335 1312 3377 expo-

313 3393 421 3437 sitio
453 3393 689 3437 confertur
718 3406 823 3436 cum
846 3392 1176 3450 supplemento
1199 3391 1312 3435 artis

312 3463 623 3519 Dionysianae
654 3464 795 3507 tertio
826 3464 873 3506 in
895 3463 1004 3506 adn.
1026 3463 1086 3507 ad
1110 3468 1204 3516 123,
1228 3467 1311 3505 6-

314 3540 416 3588 124,
450 3540 488 3578 5.
531 3559 583 3565 —-
622 3533 910 3578 Emendatur
955 3533 1194 3578 Diomedis
1238 3547 1312 3576 ars

312 3605 622 3660 grammatica
652 3605 713 3648 ad
743 3610 813 3660 86,
836 3610 948 3649 3—4
971 3608 1019 3661 (p
1042 3606 1120 3658 87)

259 3675 586 3727 DiomedeS,
633 3675 872 3719 technes
923 3675 1313 3731 Dionysianae

311 3747 626 3801 interpres:
668 3745 862 3790 XXXIV
908 3752 976 3790 25.
1026 3744 1199 3788 XXXV
1246 3749 1314 3787 20.

311 3816 507 3859 XXXVI
538 3822 578 3864 9.
611 3821 661 3858 12

258 3888 562 3946 dionymon
592 3891 660 3941 37,
692 3892 860 3940 3—38‚
893 3893 920 3932 3
950 3889 1000 3931 et
1028 3887 1135 3931 adn.

258 3959 586 4014 Dionysius,
617 3958 759 4001 artis
789 3959 1002 4005 auctor.
1052 3958 1109 4003 de
1141 3970 1311 4013 eogno-

313 4030 514 4074 minibus
530 4029 737 4086 Thracis,
752 4029 979 4085 Byzantii,
995 4027 1313 4079 Alexandrini,

314 4105 400 4145 τοῦ
421 4101 588 4157 Πηροῦ
622 4100 728 4144 vide
758 4100 864 4147 adn.
886 4100 947 4143 ad
967 4098 1315 4155 inscriptionem

343 4180 521 4220 Dionysii
544 4180 705 4212 Thracis
728 4189 789 4212 ars
814 4178 1068 4220 grammatica
1092 4177 1149 4210 ed.
1176 4178 1299 4216 Vhlig

2308 300 2407 352 193

1409 424 1600 468 technes
1620 441 1651 481 p
1674 431 1716 471 4.
1740 451 1791 457 -
1813 425 1872 469 de
1894 425 2246 483 cognominibus
2266 440 2407 482 γραμ-

1409 499 1627 550 ματικοῦ,
1666 502 1904 551 τεχνικοῦ,
1944 499 2272 552 τεχνογράφου
2302 498 2408 541 vide

1409 580 1440 621 p
1470 571 1613 611 3—4.
1659 596 1702 600 -η
1743 565 1813 610 De
1844 567 1942 611 eius
1974 581 2144 623 genere
2177 568 2407 624 expositio

1411 635 1501 678 arti
1519 635 1725 680 adiecta:
1745 636 1874 680 XXII
1891 642 1959 681 29.
1981 636 2081 682 LIV
2098 643 2166 684 41.
2191 663 2240 669 —
2264 637 2409 681 Erant

1410 705 1504 748 iam
1535 705 1658 749 inter
1689 708 1870 751 veteres
1892 698 2171 764 interpretes
2194 708 2273 762 qui
2296 707 2404 751 Dio-

1409 777 1590 831 nysium
1657 776 1885 821 Thracem
1946 778 2293 822 Aristarcheum
2360 779 2409 821 et

1409 846 1812 902 technographum
1827 848 2027 892 eundem
2040 862 2139 891 esse
2156 851 2405 904 negarent:

1410 917 1470 959 ad
1499 916 1853 972 inscriptionem
1883 918 2074 962 technes
2104 933 2135 975 p
2166 923 2214 973 4,
2246 919 2306 962 ad
2338 923 2408 973 46,

1409 993 1543 1042 4-5,
1585 987 1816 1032 Addenda
1845 987 1922 1033 XC
1956 994 2030 1043 18,
2070 990 2170 1033 Zur
2209 989 2266 1032 W
2267 990 2408 1034 ieder-

1407 1059 1692 1115 herstelluuy
1707 1073 1739 1115 p
1758 1064 1836 1113 83;
1867 1059 1927 1103 ad
1949 1065 2016 1113 63,
2038 1066 2054 1102 1
2076 1063 2123 1103 et
2139 1059 2256 1104 Add.
2284 1059 2409 1103 XCII

1408 1134 1480 1182 323
1521 1129 1641 1173 Add.
1674 1130 1735 1173 ad
1764 1136 1839 1183 23,
1870 1135 1996 1174 2-3
2026 1144 2057 1186 p
2089 1129 2324 1173 LXXXIII
2358 1136 2408 1173 16

1409 1201 1459 1243 et
1491 1200 1594 1244 Zur
1620 1199 2083 1256 Wiederherstellu-ny
2113 1216 2142 1255 p
2168 1206 2236 1246 83.
2269 1200 2408 1244 Lehr-

1408 1270 1502 1314 sius
1541 1285 1729 1327 quoque
1767 1271 1983 1315 libellum
2020 1272 2409 1326 ψευδεπίγραφον

1409 1342 1609 1385 censuit:
1654 1341 1780 1385 XLII
1810 1346 1879 1396 35,
1925 1341 2042 1385 Add.
2078 1340 2309 1385 LXXXVI
2340 1346 2409 1384 24.

1410 1441 1463 1448 .-
1492 1412 1714 1463 Iniuria
1757 1412 1871 1456 artis
1917 1411 2097 1455 auctori
2142 1412 2409 1455 tribuun-

1408 1484 1500 1526 tur
1521 1485 1782 1527 erotemata
1803 1483 1860 1528 de
1882 1485 2077 1527 accentu
2095 1483 2410 1527 clrcumflexo:

1410 1552 1562 1597 XXVI
1585 1559 1653 1599 30.
1685 1554 1765 1597 LV
1787 1558 1865 1607 26,
1900 1553 2279 1610 supplementum
2300 1556 2409 1610 περὶ

1411 1627 1715 1682 προεῳδιῶνε
1746 1623 1782 1667 L
1804 1630 1881 1679 30;
1913 1623 2066 1681 suppl.
2087 1626 2194 1678 περὶ
2215 1625 2405 1679 τέχνηεε

1411 1694 1490 1737 LII
1514 1700 1560 1748 7,
1592 1695 1742 1751 suppl.
1776 1697 1884 1750 περὶ
1914 1696 2099 1739 ποδῶν,
2130 1693 2210 1736 LII
2231 1699 2308 1747 21;
2340 1707 2415 1738 ca-

1413 1778 1559 1808 nones
1582 1764 1853 1809 Theodosii:
1876 1764 2045 1808 XLVII
2064 1769 2138 1819 28,
2163 1764 2219 1807 de
2240 1764 2415 1821 pedum

1413 1835 1715 1879 metricorum
1751 1834 2016 1879 nominibus
2055 1836 2413 1878 commentatio:

1412 1905 1565 1949 XXIV
1586 1911 1653 1953 41.
1685 1905 1765 1949 LV
1791 1911 1865 1959 12,
1898 1905 1956 1948 de
1988 1905 2229 1962 alphabeti
2256 1905 2415 1961 graeci

1414 1976 1593 2034 origine
1625 1976 1888 2020 dissertatio
1927 1978 2008 2032 (?):
2048 1976 2169 2020 Add.
2200 1975 2415 2019 LXXVII

1417 2053 1467 2091 13

1351 2118 1664 2174 Dionysius
1710 2118 2247 2162 Halicarnassensis
2307 2132 2415 2161 cum

1407 2189 1588 2232 Thrace
1621 2188 1880 2244 conspirat:
1911 2188 1972 2232 ad
2004 2195 2070 2243 10,
2089 2194 2127 2233 2.
2167 2194 2233 2243 12,
2252 2194 2277 2232 2
2309 2190 2359 2233 et
2388 2193 2415 2233 5

1410 2259 1476 2316 (in
1507 2259 1628 2304 med.
1660 2275 1692 2316 p
1717 2262 1801 2313 13).
1837 2265 1902 2315 14,
1929 2264 1967 2307 5,
1999 2259 2059 2303 de
2092 2265 2159 2314 12,
2179 2265 2205 2303 2
2237 2260 2303 2303 cfr
2323 2260 2415 2302 Ad-

1410 2329 1564 2374 denda
1594 2329 1783 2373 LXXIX
1813 2329 2094 2374 31——LXXX
2123 2336 2179 2375 20

1353 2401 1674 2446 discretiva
1702 2401 1923 2445 adverbia
1952 2401 2079 2458 apud
2099 2400 2411 2444 Priscianum:

1408 2473 1469 2516 ad
1498 2477 1568 2526 80,
1600 2479 1626 2515 3
1657 2475 1707 2527 (p
1723 2474 1809 2527 81).
1855 2473 1924 2516 cfr
1954 2472 2169 2529 Append.
2203 2487 2235 2529 p
2265 2477 2336 2528 27,
2359 2478 2414 2516 39

1353 2543 1442 2587 dis
1454 2544 1514 2587 iu
1524 2557 1556 2587 u
1567 2557 1591 2587 e
1601 2544 1683 2587 tiv
1694 2556 1724 2585 a
1734 2557 1757 2586 e
1776 2544 2133 2597 coniunctiones,
2166 2545 2415 2588 διαζευκτι-

1410 2617 1483 2657 κοὶ
1513 2615 1772 2668 (ύνδεεμοιε
1804 2618 1872 2668 90,
1910 2620 1946 2659 1.
1997 2613 2211 2668 Append.
2241 2627 2273 2669 p
2307 2619 2415 2656 12-

1414 2691 1481 2740 13,
1515 2691 1569 2729 33

1356 2756 1737 2810 dispertitiva
1764 2756 1957 2799 uomina
1977 2775 2032 2791 =
2054 2755 2414 2810 ἑπιμεριζόμενα
2452 2812 2458 2814 ἡ

1412 2827 1624 2880 ὀνόματα
1662 2827 1786 2881 apud
1825 2825 2136 2869 Priscianum:
2184 2826 2244 2869 ad
2281 2832 2331 2869 41
2345 2859 2357 2879 ,
2388 2832 2415 2870 3

1413 2905 1461 2953 (p
1492 2901 1582 2951 42).
1635 2896 1801 2939 eadem
1832 2896 2032 2940 institut.
2063 2895 2107 2939 II
2140 2900 2163 2948 ἕ
2196 2900 2249 2939 27
2281 2898 2331 2940 et
2360 2902 2411 2940 31

1412 2970 1444 3011 t.
1478 2967 1636 3023 1159„
1665 2971 1756 3023 61„3
1785 2966 1842 3014 H.
1865 2967 2064 3010 dividua
2093 2966 2325 3023 appellat:
2356 2967 2416 3010 ad

1411 3045 1479 3090 41,
1505 3044 1552 3091 3,
1593 3039 1736 3094 atque
1772 3036 1916 3081 instIt.
1947 3036 2082 3080 XVII
2117 3041 2141 3089 ξ
2175 3041 2255 3080 196
2284 3039 2318 3081 t.
2347 3037 2415 3081 111

1411 3114 1530 3164 204„
1553 3108 1867 3161 distributiva,
1889 3107 2035 3150 instit.
2052 3106 2163 3151 XIII
2183 3111 2208 3161 ξ
2226 3113 2275 3151 21
2301 3111 2332 3152 1;.
2348 3108 2416 3151 III

1417 3184 1505 3236 1330
1536 3179 1835 3223 distributiva
1863 3179 1933 3222 vel
1962 3178 2246 3233 impertitiva

1355 3250 1791 3303 distinctiones,
1812 3249 2022 3303 ετιγμαί;
2044 3253 2084 3302 7,
2102 3253 2227 3300 4-8,
2247 3254 2285 3296 2,
2308 3249 2414 3293 adn.

1413 3321 1473 3364 ad
1495 3326 1535 3375 7,
1557 3326 1597 3363 4.
1641 3318 1855 3363 Addend.
1878 3317 2066 3362 LXXIX
2091 3324 2128 3362 1.
2159 3319 2415 3363 distinctio-

1411 3406 1493 3436 nes
1542 3392 1590 3434 in
1639 3384 1794 3434 codd(
1818 3389 1944 3433 Mon
1958 3402 2093 3433 acen
2108 3389 2154 3432 si
2199 3391 2246 3433 et
2291 3389 2413 3433 Lei-

1413 3464 1593 3509 densi:
1638 3464 1759 3506 Acta
1787 3460 1976 3507 Trever.
2007 3475 2038 3516 p
2072 3465 2167 3505 165.
2214 3466 2304 3504 167.
2354 3461 2413 3503 de

1414 3534 1785 3578 distinctionibus
1815 3533 1865 3576 in
1895 3532 2044 3576 altera
2074 3531 2187 3575 artis
2208 3531 2414 3575 editione

1414 3604 1691 3649 adhibendis
1714 3603 1816 3647 Zur
1838 3602 2302 3658 Wiederherstelluuy
2316 3606 2410 3657 Ρ81

1360 3675 1746 3720 distributiva
1775 3674 1965 3718 nomina
1988 3672 2094 3716 vide
2117 3673 2412 3728 dispertit-iva

1361 3747 1609 3791 dividua
1637 3745 1829 3791 uomina
1859 3743 1965 3787 vide
1995 3743 2288 3798 dispertitiva

1357 3817 1704 3861 divisionem
1735 3828 1931 3861 vocum
1973 3815 2163 3869 qualem
2194 3813 2415 3857 exhibeat

1415 3889 1462 3931 in
1494 3887 1714 3931 extremis
1741 3885 1874 3930 lineis
1904 3884 2006 3928 cod.
2028 3883 2411 3928 Monacensis:

1415 3960 1536 4002 Acta
1555 3957 1741 4002 'I'reven
1762 3972 1793 4014 p
1815 3961 1914 4010 165,
1945 3954 2066 3999 liber
2086 3953 2411 4000 Leidensis:

1414 4030 1527 4077 ibid.
1556 4045 1587 4086 p
1621 4033 1702 4073 167

1359 4101 1633 4146 Donatus:
1668 4099 1730 4143 VI
1761 4104 1829 4142 40.
1859 4097 1921 4142 ad
1955 4101 2020 4152 19,
2048 4100 2204 4152 6—20,
2224 4103 2264 4140 2.
2294 4102 2364 4153 21,
2390 4101 2412 4140 1

2025 4175 2074 4212 13
