2808 4394
367 291 467 343 198

1019 284 1309 329 HOMEavs
1339 311 1382 318 -
1407 258 1877 328 INTERROGANDI

364 418 654 461 Homerus.
705 414 815 458 Loci
845 413 1080 462 Homerici
1112 413 1171 457 ab
1193 404 1424 468 'Dionysio
1469 413 1830 468 homonymon
1852 411 2071 466 definitur
2091 416 2159 462 36,
2186 416 2222 455 1.
2254 411 2360 466 vide
2384 410 2526 455 etiam
2569 454 2571 457 .

420 486 706 542 usurpantur
735 490 775 538 9,
807 490 846 532 4,
880 489 947 538 13,
971 489 997 527 4
1028 485 1076 527 et
1106 488 1145 528 5.
1186 488 1252 536 14,
1276 488 1314 529 2.
1356 488 1424 537 20,

1529 482 1741 539 Append.
1772 497 1803 538 p
1835 487 1903 536 33,
1934 487 2102 525 27-52
2167 527 2173 531 ,

421 564 459 601 6.
500 563 568 610 21,
599 563 638 600 3.
679 560 748 610 22,
775 561 808 597 1.
853 559 920 607 25,
954 559 993 597 5.
1037 558 1110 606 26,
1127 559 1166 597 5.
1202 559 1270 607 27,
1301 560 1319 596 1
1339 553 1425 597 bis.
1470 554 1740 598 hortandi
1759 553 1835 596 vel
1854 554 2086 597 hortativa
2101 553 2529 606 αάυενόἱατ-ἑπιρ-

421 634 489 682 75,
519 627 640 670 lbis.
692 625 757 681 (in
788 624 1117 680 supplemento
1147 623 1298 679 primo
1336 629 1426 676 106,

422 706 448 742 4
480 700 528 742 et
559 704 603 751 ὃς
648 697 696 739 in
743 695 892 752 suppl.
932 695 1075 739 tertio
1124 700 1217 747 122,
1249 700 1273 738 5
1308 696 1357 738 eb
1388 700 1427 738 7.

1530 627 1715 680 ρήματα
1730 614 2138 678 παρακεΧεύεεωεε
2160 629 2231 678 82,
2251 629 2288 667 1.
2314 622 2528 680 Append.

1529 711 1560 752 p
1592 701 1618 740 8
1649 696 1697 738 el:
1727 701 1767 748 9,
1805 700 1870 738 15.
1904 709 1934 750 p
1967 699 2033 749 25,
2063 700 2232 739 40-54

429 775 519 822 123,
542 769 606 823 8.)
656 767 885 810 Homerus
915 779 1007 809 non
1037 765 1171 808 finxit
1192 767 1425 821 metrony-
1470 767 1685 822 hyphen
1703 766 1752 808 in
1775 765 1874 812 cod,
1893 765 2094 813 Monac:
2117 767 2237 808 Acta
2253 765 2388 809 Trev.
2404 779 2436 821 p
2454 767 2532 807 165

422 839 564 883 mica:
598 843 666 891 26,
690 843 727 882 6.
762 837 821 881 de
853 839 897 880 vi
927 837 1126 892 γράφειν
1148 836 1280 880 verbi
1301 837 1425 892 apud
1472 837 1874 894 hypodiastole
1921 836 1970 879 in
2016 836 2116 883 cod.
2163 835 2368 879 Monac.:
2415 834 2535 877 Acta

424 910 679 953 Homerum
702 915 741 962 9,
765 912 804 951 3.
857 907 1091 962 quomodo
1124 908 1315 950 cantata
1335 907 1429 950 sint

426 981 634 1024 carmina
665 978 878 1022 Homeri:
911 983 951 1032 8,
988 983 1012 1021 5

370 1264 618 1308 Iacobus
638 1262 967 1307 Edessenus
999 1263 1139 1316 (saec.
1157 1260 1434 1316 VII—VIII)

427 1337 529 1380 arte
561 1333 772 1390 Dionysii
814 1334 863 1376 el:
901 1331 1155 1376 canonibus
1184 1331 1435 1375 Theodosii

428 1421 538 1450 usus
571 1406 661 1449 est:
695 1404 873 1450 V1112.
905 1402 1050 1446 XLVI
1077 1410 1110 1445 1.
1162 1403 1283 1458 App.
1316 1417 1347 1457 p
1369 1402 1434 1445 ΙΙΙ

375 1477 614 1521 Iacobus
636 1474 1018 1527 Tacritensis,
1050 1473 1436 1530 technographus

433 1548 614 1604 Syrius:
650 1550 771 1602 App.
803 1561 833 1601 p
865 1544 931 1587 III
946 1546 1016 1570 *²¹²*

372 1617 598 1675 Ignatii
645 1616 875 1660 diaconi
913 1614 1177 1659 acrosticha
1215 1614 1438 1670 alphabe-

427 1689 523 1733 tica
545 1687 979 1739 adhortativazXll
1004 1692 1067 1734 15,
1099 1685 1230 1728 XXII
1256 1690 1435 1729 17-28.

429 1760 530 1803 LIV
563 1765 616 1803 39
1355 1751 1357 1753 ’

373 1830 760 1878 immutabiles
797 1833 1118 1882 consonantes,
1173 1828 1440 1882 ἀμετάβολα

384 1896 389 1899 ’
433 1904 685 1956 (ύμφωναε
726 1905 787 1950 14,
821 1905 947 1943 7-9
979 1903 1027 1943 et
1058 1899 1163 1942 adn.

374 1972 759 2028 imperativus
795 1971 977 2024 modus,
1019 1973 1337 2026 προετακτικὴ
1370 1972 1440 2023 ἔγ-

434 2047 594 2087 κλιειεε
627 2047 697 2098 47,
731 2047 756 2085 3
788 2043 837 2085 el:
867 2041 927 2084 ad.
958 2046 1072 2085 3-——4

374 2114 786 2170 impersonalis
808 2112 990 2156 modus:
1013 2113 1074 2155 ad
1092 2118 1159 2166 47,
1177 2116 1288 2155 3-4
1305 2115 1356 2166 (p
1369 2116 1440 2164 48)

375 2186 739 2242 impertitiva
783 2184 974 2227 nomina
1003 2204 1058 2220 =
1089 2184 1442 2238 ἑπιμεριζόμενα

433 2259 670 2311 ὀνόματα,
703 2255 811 2298 vide
843 2255 1139 2311 dispertitiva

376 2327 748 2372 incusativus
778 2339 931 2371 casus:
965 2326 1024 2369 ad
1056 2331 1124 2380 32,
1162 2330 1179 2368 1

377 2399 746 2444 indicativus
791 2397 971 2440 modus:
1017 2402 1094 2451 47,
1135 2403 1176 2441 3.
1244 2397 1441 2440 latinum

434 2484 605 2513 nomen
647 2472 758 2525 (quo
799 2469 992 2511 utuntur
1031 2481 1069 2511 e.
1104 2481 1150 2523 g.
1190 2467 1442 2510 Dositheus

437 2541 526 2584 VII
556 2545 660 2594 4064
688 2539 899 2582 Donatus
924 2539 995 2582 'IV
1025 2542 1127 2594 3598
1159 2537 1391 2582 Charisius
1422 2538 1442 2580 Ι

439 2617 539 2666 1682
560 2610 819 2657 Macrob.V
837 2614 955 2664 63429
978 2608 1237 2652 Priscianus
1249 2608 1441 2664 1142118)

406 2739 410 2741 Α
442 2684 594 2725 ortum
628 2682 700 2724 esb
729 2694 786 2724 ex
809 2682 1139 2734 ἀποφαντικῆε
1163 2679 1236 2722 vel
1258 2680 1442 2732 ἀποφα-

444 2758 575 2808 τικῆς
606 2751 854 2804 ἑγκλίεεωε
886 2750 1224 2807 appellatione,
1258 2750 1316 2793 de
1349 2763 1444 2803 qua

440 2823 715 2881 Apollonius
737 2821 873 2878 Dysc.
904 2822 1028 2877 synh-
1046 2825 1187 2877 24425:
1220 2823 1248 2874 ἡ
1274 2825 1443 2865 καλου-

441 2898 558 2951 μένη
592 2895 797 2949 ὁριστικὴ
831 2896 1039 2937 καλεῖται
1070 2894 1144 2936 καὶ
1167 2893 1443 2947 ἀποφατική

396 2971 400 2974 ’
440 2967 581 3023 (solus
614 2966 648 3007 B
681 2963 827 3008 codex
858 2964 1195 3018 ἀποφαντικὴ).
1259 2966 1334 3007 καὶ
1366 2965 1444 3017 δῆ-

439 3043 524 3082 λον
555 3039 627 3081 ὅτι
659 3039 817 3090 κοινῆς
849 3036 935 3087 μὲν
967 3035 1151 3079 ἑννοίας
1183 3035 1335 3088 εἴχετο
1367 3048 1445 3078 κα-

441 3111 614 3152 λεῑεθαι
648 3108 798 3160 αὐτὴν
830 3107 1136 3159 ἀποφατικήν
1167 3106 1224 3159 (Β
1255 3121 1282 3149 ν
1314 3104 1444 3156 addi-

443 3178 552 3234 dit),
600 3178 696 3231 εἴγε
735 3179 810 3220 καὶ
850 3179 907 3220 τὸ
948 3177 1287 3231 ἀποφαίνεεθαι
1325 3177 1444 3219 κατὰ

442 3251 589 3303 πάεηε
621 3248 838 3303 φράεεωε
868 3248 1294 3302 παραλαμβάνεται,
1326 3247 1445 3291 ἀλλὰ

444 3323 518 3363 καὶ
556 3319 846 3374 ἐπιρρήματα
885 3333 990 3362 τινα
1029 3318 1302 3373 ἀποφατικὰ
1334 3317 1390 3372 (Β
1421 3332 1448 3360 ν

446 3390 576 3446 add.)
599 3391 835 3442 καλοῦμεν
857 3390 1122 3445 (perperam
1144 3388 1288 3444 igitur
1306 3387 1448 3432 etiam

444 3462 606 3505 horum
656 3459 983 3502 adverbiorum
1027 3472 1198 3503 nomen
1237 3460 1296 3503 ab
1336 3459 1447 3503 ἀπο-

446 3532 694 3586 φαίνεεθαι
717 3530 860 3573 verbo
883 3529 1080 3580 derivat,
1114 3544 1206 3573 non
1239 3530 1297 3573 ab
1333 3531 1447 3574 ἀπο-

447 3604 604 3656 φάναι,
636 3601 704 3644 cfr
726 3599 1054 3644 adnotationes
1076 3601 1134 3645 ad
1154 3607 1220 3656 78,
1242 3605 1297 3656 1).
1330 3601 1446 3645 ἰδία(

448 3674 608 3726 μέντοι
640 3670 826 3716 ἑννοίας
856 3672 1008 3726 ἔχεται
1040 3674 1067 3725 ἡ
1102 3673 1322 3727 ὁριετική.
1373 3672 1446 3715 διὰ

446 3746 534 3798 γὰρ
565 3745 742 3799 ταύτης
781 3743 1156 3797 ἀποφαινόμενοι
1188 3744 1445 3799 ὀριζόμεθα.

449 3814 578 3857 aliud
609 3816 909 3870 ἀποφατικῆς
940 3815 1187 3868 ἐγκλίεεωε
1217 3816 1446 3870 interpre-

446 3886 709 3928 tamentum
756 3886 828 3929 est,
872 3886 1032 3929 modus
1062 3886 1449 3940 pronuntiativus

451 3955 637 4009 (Donat.
672 3956 734 3999 IV
767 3961 884 4011 381„
932 3955 1106 4000 Charis.
1139 3956 1157 3998 I
1192 3959 1290 4011 1697
1335 3956 1448 4000 Dio-

451 4026 570 4070 med.
606 4026 625 4068 I
658 4032 778 4082 33825
810 4026 955 4081 alibi).
1015 4040 1072 4070 ex
1103 4029 1335 4082 ὁριετικῆε
1367 4042 1447 4072 vo-

451 4096 615 4139 cabulo
661 4099 766 4140 orta
809 4099 917 4141 sunt
960 4097 1149 4142 nomina
1190 4098 1366 4154 finitivi
1403 4100 1451 4143 et

1531 908 1719 951 Trever.
1750 922 1780 963 p
1816 910 1894 950 165

1538 1262 1769 1318 definiam·
1815 1253 2014 1318 (Charis
2061 1262 2080 1305 1
2126 1267 2222 1316 1697
2269 1259 2478 1304 Diomed.
2508 1258 2539 1301 —1

1538 1338 1658 1388 338„
1687 1332 1830 1377 Prisc.
1860 1333 1903 1376 ΙΙ
1933 1335 2070 1389 42118)
2581 1341 2588 1347 “

1481 1402 1735 1456 infinita
1756 1405 2040 1458 pronomina
2061 1403 2186 1461 apud
2207 1402 2539 1459 grammaticos

1537 1473 1727 1516 latinos:
1758 1475 1819 1518 ad
1850 1481 1919 1528 39,
1957 1481 1991 1520 1.
2025 1500 2077 1506 —
2109 1475 2350 1530 infinitum
2377 1486 2541 1516 nomen

1537 1566 1590 1581 =
1623 1546 1842 1601 ἀόριετον
1882 1546 2032 1599 ὄνομα
2072 1545 2199 1602 apud
2217 1543 2540 1608 'Priscianumz

1541 1616 1600 1659 ad
1631 1621 1698 1667 39,
1730 1622 1755 1659 3

1483 1687 1801 1740 infinitiva
1821 1688 2041 1731 adverbia
2065 1687 2293 1743 temporis·
2308 1685 2433 1742 apud
2456 1685 2542 1728 Pa-

1541 1757 1806 1814 laemonem
1838 1759 1887 1802 et
1916 1757 2216 1804 Dositheum:
2249 1757 2309 1802 ad
2341 1762 2407 1810 73,
2438 1761 2464 1800 3
2497 1757 2545 1800 et

1543 1834 1610 1881 73,
1643 1834 1796 1883 3—74,
1834 1834 1849 1872 1

1483 1900 1834 1953 infinitivus
1873 1900 2057 1954 modus,
2096 1901 2438 1955 ἀπαρέμφατοε
2468 1899 2550 1952 ι’-Ξγ-4

1542 1974 1703 2016 κλιςιεε
1751 1976 1820 2025 47,
1860 1976 1900 2018 4.
1961 1983 2074 2026 quos
2120 1969 2377 2015 obtinuerit
2420 1969 2546 2013 locos

1541 2041 1665 2085 inter
1695 2044 1875 2085 ceteros
1908 2042 2068 2086 modos
2091 2055 2146 2085 ex
2171 2040 2544 2085 ordinat-ionibus

1542 2113 1859 2156 technicorum
1892 2126 2165 2169 graecorum
2200 2114 2249 2157 et
2278 2112 2544 2165 latinorum,

1544 2184 1793 2240 exponitur
1821 2184 1881 2227 ad
1911 2189 1979 2239 47,
2013 2189 2123 2228 3—4

1487 2255 1780 2298 inlativac
1824 2256 2166 2299 coniunctiones
2194 2277 2250 2296 z:
2280 2255 2548 2310 ἑπιφορικοὶ
2600 2293 2607 2298 .

1544 2327 1784 2379 (ύνδεεμοι
1822 2327 1948 2383 apud
1980 2326 2267 2370 Prisci-anum
2307 2327 2431 2382 (erqo
2459 2319 2547 2382 iqi-

1543 2401 1622 2439 tur
1651 2398 1809 2452 itaque
1838 2398 1953 2453 quin
1982 2398 2194 2453 alioquin
2223 2398 2359 2441 immo
2386 2396 2549 2452 utique

1543 2468 1716 2522 atqui):
1751 2467 1811 2510 ad
1842 2473 1913 2522 95,
1946 2473 2100 2523 2-96,
2123 2474 2147 2511 2
2185 2469 2250 2524 (in
2279 2482 2311 2523 p
2333 2470 2421 2523 96).
2453 2467 2548 2510 Pli-

1543 2539 1661 2591 nius,
1694 2537 1963 2593 Palaemon,
1991 2539 2180 2595 [Asper]
2213 2538 2433 2596 inlativas
2463 2549 2585 2594 apt·

1543 2608 1791 2664 pellabant
1812 2622 2086 2665 quamquam
2109 2606 2315 2665 quamvis
2336 2609 2421 2653 etsi
2434 2612 2548 2654 tam-

1546 2680 1649 2724 etsi:
1695 2679 1801 2723 vide
1850 2679 2025 2723 charis.
2068 2680 2089 2723 1
2121 2685 2222 2737 2263
2273 2669 2485 2725 Diomed.
2528 2680 2546 2723 1

1543 2755 1662 2806 4161,Β
1696 2751 1934 2806 [Asprum]
1967 2750 2008 2794 V
2040 2756 2159 2807 553„
2191 2751 2289 2806 (ubi
2318 2765 2403 2809 pro
2434 2751 2549 2796 rela-

1545 2821 1670 2865 tivae
1699 2821 1995 2865 scribendum
2026 2823 2107 2866 est
2126 2823 2373 2878 inlativae)
2405 2822 2548 2877 atque

1547 2892 1653 2939 adn.
1685 2892 1745 2935 ad
1776 2896 1844 2946 87,
1881 2897 2033 2950 1-88,
2067 2899 2092 2937 2
2124 2894 2190 2950 (in
2220 2908 2251 2949 p
2283 2897 2356 2948 88)

1490 2963 1780 3006 intentiva
1809 2963 2029 3008 adverbia
2053 2985 2108 3000 =
2131 2966 2423 3020 ἐπιρρήματα
2454 2966 2549 3008 ἑπι-

1545 3034 1725 3081 τὰεεωε
1757 3034 1884 3090 apud.
1914 3034 2224 3079 Priscianum:
2257 3034 2317 3079 ad
2333 3040 2401 3090 84,
2427 3040 2549 3083 1-·-2.

1547 3105 1808 3162 Append,p
1829 3110 1896 3158 26,
1919 3111 1973 3149 36
2005 3107 2148 3162 atque
2178 3122 2210 3163 p
2241 3111 2267 3150 8
2297 3107 2344 3150 et
2374 3111 2414 3160 9,
2445 3111 2500 3150 36
2572 3115 2576 3120 ’

1489 3173 1938 3231 intel-aspiratio
1969 3175 2017 3219 in'
2048 3177 2182 3224 codd.
2206 3177 2471 3221 Monacensi
2501 3178 2550 3221 eb
2637 3189 2642 3194 ·

1545 3246 1782 3289 Leidensi:
1808 3246 1925 3289 Acta
1946 3247 2131 3292 Trever.
2154 3263 2186 3305 p
2210 3253 2305 3293 165.
2331 3252 2422 3292 167.
2439 3249 2546 3304 ‚spi-

1550 3316 1667 3359 ritus
1697 3316 1879 3359 medius
1910 3329 2075 3361 vocum
2097 3318 2460 3375 compositarum
2481 3333 2550 3363 re·

1550 3386 1788 3430 ducendus
1819 3388 1909 3431 est:
1949 3389 2052 3433 Zur
2088 3389 2551 3447 lViederherstelluny

1548 3472 1579 3513 p
1611 3462 1662 3501 81
2398 3488 2403 3492 -
2491 3502 2495 3505 .

1492 3523 1956 3575 interiectione&
1991 3531 2051 3574 ad
2084 3536 2150 3586 77,
2185 3536 2222 3576 1.
2255 3535 2323 3586 80,
2359 3537 2396 3578 1.
2458 3531 2550 3589 Ap-

1548 3601 1687 3656 pend.
1718 3615 1749 3657 p
1785 3607 1948 3647 18—19

1491 3669 1997 3728 interpunctiones
2036 3673 2208 3718 codicis
2247 3667 2548 3718 Monacenss

1549 3741 1647 3786 sis:
1682 3744 1800 3787 Acta
1821 3743 2009 3788 Trever.
2043 3760 2074 3801 p
2098 3749 2342 3799 165-1663
2376 3745 2549 3790 codicis

1549 3812 1877 3859 Leidensis:
1924 3807 2044 3860 Acta
2087 3831 2118 3872 p
2158 3820 2251 3860 167.
2312 3829 2431 3871 quae
2476 3816 2554 3859 di-.
2592 3830 2595 3833 ’

1549 3883 1820 3930 stinctiones
1851 3887 1898 3930 in
1929 3886 2080 3931 altera
2101 3886 2215 3930 artis
2235 3885 2549 3942 Dionysianae

1550 3955 1754 4000 editione
1795 3956 2090 4002 adhibendae
2143 3958 2254 4011 sint,
2302 3957 2550 4012 exponitur

1552 4028 1653 4071 Zur
1689 4027 2152 4084 lViederherstelluny
2180 4043 2211 4084 p
2242 4031 2294 4071 81

1493 4099 1901 4154 interroyandi
1958 4098 2198 4153 adverbia,
2258 4099 2549 4154 ἐπιρρήματα
