2808 4394
377 293 482 344 204

434 419 492 462 ad
524 423 593 472 34,
614 423 640 461 4
661 418 745 463 bis.
768 422 837 472 93,
863 422 1019 473 2—94,
1044 423 1064 460 1
1099 421 1145 473 (p
1169 422 1223 462 94
1253 417 1347 474 in).
1381 445 1435 450 -

435 502 537 532 cum
555 487 657 532 aliis
679 488 962 545 artigraphis
982 487 1184 531 latinis
1208 489 1437 533 consentit

435 560 596 602 contra
617 559 875 602 doctrinam
900 558 1203 603 Graecorum:
1238 560 1297 602 ad
1318 565 1387 614 48,
1411 566 1431 603 1

434 630 497 683 (in
521 630 638 676 extr,
659 644 690 684 p
710 633 799 683 48).
830 633 900 683 49,
923 634 1033 673 2-3
1065 630 1130 684 (111
1152 630 1271 677 med,
1292 646 1322 687 p
1347 632 1431 686 50).

432 703 499 752 63,
524 705 636 744 2—3
667 700 731 756 (in
763 700 882 745 med.
903 714 934 756 p
957 703 1054 753 64):
1087 701 1432 744 institutionum

433 770 513 813 lib.
545 770 611 812 III
641 772 777 825 4910).
811 775 878 824 72,
901 775 1013 814 4—-5
1046 770 1110 824 (in
1142 773 1257 815 extr.
1291 786 1321 827 p
1355 775 1439 825 72).

435 846 504 896 75,
528 846 567 887 3.
600 846 666 892 79,
691 846 716 884 3
749 843 796 897 (p
820 845 874 884 80
904 841 999 896 in.)
1031 845 1103 895 80,
1123 849 1147 885 3
1180 842 1250 884 bis
1282 846 1330 898 (p
1352 846 1438 896 81).

434 916 501 964 84,
536 916 661 955 4—5.
708 937 762 943 -—
811 912 1123 955 Conferantur
1163 913 1375 970 Append.
1406 928 1436 970 p

436 986 624 1036 18-36,
668 981 747 1025 ubi
793 995 914 1037 quae
958 982 1218 1026 Priscianus
1259 984 1316 1027 de
1355 983 1435 1027 ad—

432 1052 698 1095 verbiorum
718 1053 766 1096 et
780 1053 1017 1096 nominum
1029 1053 1273 1109 speciebus
1286 1053 1437 1107 docet,

945 290 1306 335 PRISOIANVS
1333 317 1380 323 -—
1402 292 1704 336 PVNCTVM
1736 292 1977 336 DVPLEX

1538 434 1570 475 g
1581 434 1605 463 e
1616 435 1646 463 n
1655 433 1680 464 e
1691 433 1713 461 r
1723 433 1753 462 a
1799 419 2128 475 pronominum
2178 420 2540 477 prototyporum

1538 489 1889 546 (personalium)
1930 503 2021 534 non
2058 490 2317 534 formarum
2347 490 2538 535 diversi·

1535 562 1634 604 tate
1673 561 2043 615 distinguuntur,
2093 561 2176 604 sed
2214 562 2287 605 διὰ
2324 566 2411 617 τῆς
2450 562 2539 606 δεί-

1537 634 1675 675 Ξεω(;
1708 635 1777 684 65,
1795 635 1818 673 2
1842 629 1964 686 (Syri
1984 643 2076 674 non
2106 631 2334 674 nullorum
2365 645 2536 688 prono-

1534 702 1711 744 minum
1738 701 2055 757 personalium
2073 701 2297 744 feminina
2313 715 2341 744 a
2359 715 2539 746 mascu-

1535 771 1640 813 linis
1660 770 1952 827 distinguunt
1983 771 2220 827 adscripta
2239 772 2396 816 littera
2421 787 2542 829 quae

1540 856 1778 896 nunquam
1801 842 2108 898 pronuntiata
2129 842 2221 886 est:
2254 842 2373 886 Add.
2394 842 2540 887 XCIII

1543 914 1624 967 10).
1672 938 1725 943 -
1777 911 2172 968 pronominalium
2224 912 2541 958 flexionum

1540 983 1835 1037 conspectus:
1886 981 2041 1025 XXVI
2065 987 2132 1026 10.
2164 982 2338 1026 XXVII
2361 988 2430 1031 15.
2461 983 2540 1028 LV

1538 1058 1607 1096 23.
1641 1053 1700 1096 ad
1732 1057 1802 1108 65,
1829 1058 1867 1098 1.
1901 1057 1969 1108 67,
1994 1058 2018 1096 6
2051 1053 2117 1108 (in
2148 1054 2271 1098 med.
2300 1069 2331 1110 p
2363 1056 2434 1110 68)

435 1136 539 1165 cum
583 1124 849 1179 praeceptis
897 1124 1108 1179 Dionysii
1154 1126 1201 1167 ct
1239 1123 1435 1167 aliorum
1474 1125 1771 1180 proprium
1808 1137 1972 1167 nomen
2010 1123 2228 1167 definitur
2266 1130 2334 1179 33,
2361 1129 2402 1172 6.
2433 1112 2563 1169 vide*

433 1193 755 1237 technicorum
843 1195 1097 1237 latinorum
1176 1194 1436 1251 composita

1535 1208 1604 1249 gr.
1637 1194 1838 1238 indicem
1869 1194 1954 1238 sub
1987 1195 2147 1249 κύριον

432 1265 552 1307 sunt.
587 1264 887 1308 -Prisciani
915 1263 1233 1308 institutiones
1255 1278 1432 1309 emen-
1477 1265 1953 1320 prosodiacorum
2004 1267 2297 1322 signorum
2358 1266 2405 1309 in
2457 1280 2539 1310 no-

433 1335 642 1378 dantur
681 1336 741 1378 ad
780 1339 848 1388 56,
871 1341 896 1379 3
938 1337 986 1391 (p
1009 1327 1205 1391 57).‚87,
1233 1341 1384 1390 1—-88,
1408 1342 1432 1379 2

432 1404 496 1460 (in
527 1405 648 1449 med.
679 1421 710 1461 p
734 1407 806 1461 88)

375 1475 591 1533 [Probi]
614 1476 896 1520 instituta
917 1478 1147 1520 artium:
1181 1478 1240 1520 ad
1263 1482 1330 1530 31,
1349 1482 1431 1520 2-

429 1553 469 1593 3.
501 1552 570 1599 35,
595 1552 620 1590 3
652 1546 737 1591 bis.
768 1553 836 1602 35,
858 1553 885 1591 4
915 1548 987 1591 bis
1018 1548 1087 1603 (in
1117 1563 1147 1604 p
1179 1550 1265 1603 36).
1298 1554 1367 1601 36,
1388 1553 1430 1592 3.

429 1623 499 1671 36,
533 1623 558 1660 6
605 1609 668 1672 (in
708 1632 739 1673 p
781 1622 870 1674 37).
925 1624 993 1674 37,
1026 1623 1175 1672 1—38,
1205 1624 1243 1666 5.
1290 1624 1359 1674 39,
1395 1625 1430 1662 1.

427 1693 499 1744 42,
521 1693 560 1731 3.
601 1693 670 1741 43,
702 1694 722 1731 1
757 1690 806 1732 61
835 1695 872 1735 2.
913 1694 983 1745 44,
1012 1695 1027 1731 1
1066 1691 1114 1732 et
1143 1695 1183 1732 2.
1221 1695 1290 1744 47,
1321 1695 1433 1733 3-4

431 1760 561 1814 (post
591 1759 710 1802 med.
742 1775 772 1815 p
796 1764 883 1814 48).
916 1765 985 1815 63,
1009 1765 1119 1804 2-3
1153 1761 1217 1815 (in
1248 1761 1369 1808 med,
1402 1775 1431 1816 p

429 1835 516 1882 64).
547 1835 613 1883 76,
637 1838 674 1877 3.
716 1835 782 1883 78,
808 1837 833 1874 3
866 1835 913 1886 (p
947 1834 1032 1885 79).
1074 1835 1141 1882 80,
1167 1837 1205 1874 2.
1237 1836 1305 1886 80,
1329 1839 1353 1875 3
1386 1834 1432 1888 (p

427 1902 517 1956 81).
548 1906 617 1957 81,
647 1907 681 1944 1.
717 1906 784 1955 83,
811 1908 845 1944 1.
879 1907 950 1954 86,
978 1908 1012 1944 1.
1045 1906 1111 1954 86,
1135 1907 1247 1945 3-4
1277 1904 1325 1958 (p
1347 1904 1432 1957 87).

431 1975 500 2025 87,
529 1977 678 2026 1-88,
701 1977 726 2015 2
748 1972 813 2028 (111
835 1973 956 2015 med.
978 1987 1009 2028 p
1033 1976 1121 2027 88).
1156 1987 1277 2026 quae
1303 1973 1433 2029 [Pro-

428 2042 536 2099 bus]
590 2042 647 2086 de
709 2043 1038 2086 adverbiorum
1097 2044 1145 2086 et
1195 2044 1433 2087 nominum

430 2113 675 2169 speciebus
708 2114 868 2168 docet,
903 2114 1164 2170 composita
1193 2116 1301 2157 sunt
1330 2128 1435 2158 cum

434 2183 701 2241 praeceptis
767 2183 1062 2240 Dionysianis
1128 2187 1176 2228 et
1236 2184 1434 2228 aliorum

428 2254 842 2312 grammaticorum
872 2255 1128 2299 latinorum
1160 2256 1373 2313 Append.
1404 2272 1435 2313 p

432 2331 612 2375 18—36,
643 2351 696 2358 —
732 2326 911 2384 [Probi]
948 2326 1013 2370 de
1054 2326 1278 2371 ultimis
1317 2327 1430 2383 syl-

428 2397 586 2442 labis
625 2397 766 2443 liber:
819 2397 878 2442 ad
921 2402 1037 2452 18,4
1075 2397 1142 2453 (in
1179 2413 1211 2455 p
1244 2403 1333 2455 19).
1367 2404 1434 2454 20,

432 2475 588 2525 4—22,
611 2476 650 2514 2.
681 2473 883 2524 21,1—3
941 2495 945 2496 ν

370 2555 402 2597 p
413 2554 438 2585 r
448 2553 473 2583 o
483 2540 514 2584 d
524 2555 557 2584 u
567 2554 590 2585 e
602 2540 647 2584 ti
655 2553 681 2583 0
702 2541 928 2584 vocalium
945 2540 1216 2595 ancipitum,
1234 2542 1434 2585 ἔκταειεε

431 2617 496 2664 10,
519 2617 560 2654 9.
598 2615 662 2662 18,
690 2616 710 2654 1

367 2697 404 2738 p
416 2697 441 2726 r
450 2695 475 2726 o
484 2683 539 2726 hi
551 2683 575 2727 b
585 2683 630 2726 it
641 2683 694 2726 iv
703 2698 732 2726 a
763 2681 983 2726 adverbia
1013 2681 1103 2737 (vel
1133 2682 1435 2738 dehortativa)

1534 1335 1690 1379 tandis
1719 1335 1917 1391 pedibus
1948 1335 2151 1379 metricis
2182 1336 2452 1381 collocatio:
2498 1352 2542 1384 v.

1535 1405 1900 1461 discrepantiam
1929 1407 2186 1463 scripturae
2226 1406 2436 1451 codicum
2472 1407 2533 1451 ad.

1537 1481 1631 1531 117,
1655 1481 1696 1523 9.
1731 1480 1829 1532 118,
1853 1482 1888 1520 1.
1914 1482 1952 1520 4.
1990 1481 2145 1532 119,1.
2176 1482 2215 1524 4.
2239 1482 2277 1524 6.
2314 1483 2408 1532 120,
2444 1484 2543 1526 1.2.

1534 1553 1574 1590 3.
1596 1552 1636 1594 9.
1672 1552 1766 1602 121,
1790 1553 1829 1591 3.
1855 1553 1892 1592 7.
1917 1553 1943 1592 8

1477 1617 1832 1674 Protagorae
1874 1618 2031 1674 opinio
2072 1618 2128 1662 de
2168 1631 2342 1674 genere
2393 1618 2540 1662 nomi-

1534 1703 1643 1731 num
1689 1688 1737 1731 in
1783 1702 2007 1732 consonas
2053 1687 2386 1733 desinentium:
2443 1689 2545 1734 Zur

1542 1758 2006 1816 Wicderherstelluny
2034 1775 2065 1816 p
2098 1766 2151 1805 79

1478 1828 1737 1873 Psalmus
1767 1831 1788 1873 I
1808 1836 1834 1874 4
1856 1831 2122 1887 exemplum
2142 1830 2362 1888 praebuit
2382 1844 2535 1886 gram-

1535 1900 1759 1944 maticum
1794 1907 1888 1956 113,
1914 1907 1935 1945 1

1478 1970 1515 2013 Ρ
1526 1986 1545 2014 s
1557 1985 1580 2014 e
1590 1971 1607 2013 1
1617 1972 1634 2014 1
1646 1986 1673 2014 11
1684 1987 1704 2014 8
1717 2006 1727 2026 ,
1739 1971 1893 2026 Mich.,
1913 1974 2050 2027 (saec.
2064 1972 2146 2026 XI)
2157 1972 2413 2028 praecepta
2423 1971 2530 2015 Dio-

1535 2042 1729 2098 nysiana
1745 2043 2194 2087 versibusreddidit:
2213 2042 2291 2085 XL
2302 2046 2455 2087 4—-18,
2474 2042 2534 2086 ad

1537 2114 1649 2157 artis
1678 2114 2028 2171 inscriptionem
2050 2129 2081 2170 p
2104 2119 2143 2158 3.
2178 2113 2238 2156 ad
2269 2118 2308 2167 5,
2334 2119 2373 2157 3.
2406 2118 2473 2167 12,
2496 2118 2542 2156 2.

1541 2189 1606 2238 13,
1629 2191 1668 2229 3.
1701 2190 1767 2239 13,
1790 2191 1815 2229 5
1846 2185 1918 2228 bis
1950 2187 2000 2242 (p
2031 2190 2080 2228 13
2111 2185 2159 2226 et
2192 2186 2276 2239 14).
2310 2188 2377 2236 14,
2399 2189 2439 2232 2.
2472 2189 2539 2239 14,

1539 2260 1663 2299 7—-9,
1701 2261 1770 2308 47,
1794 2262 1921 2300 3—4.
1963 2261 2030 2310 53,
2053 2259 2205 2306 6-57,
2227 2259 2266 2301 4.
2307 2258 2377 2310 54,
2410 2258 2436 2297 2
2469 2254 2544 2298 ter

1541 2327 1589 2381 (p
1621 2330 1675 2370 54
1705 2329 1754 2370 et
1782 2327 1870 2382 55).
1916 2331 1984 2380 55,
2019 2332 2054 2368 1.
2087 2331 2126 2368 2.
2159 2331 2284 2370 3-4.
2316 2330 2356 2368 4.
2398 2328 2469 2380 56,
2504 2329 2543 2372 l.

1539 2401 1606 2451 59,
1619 2404 1656 2444 5.
1681 2402 1804 2446 6-7.
1827 2402 1979 2443 9—10.
2004 2401 2074 2452 60,
2097 2401 2222 2442 2—3.
2253 2395 2414 2439 Vtitur
2434 2394 2542 2440 Dio·

1538 2470 1672 2524 nysio
1717 2471 1766 2512 in
1813 2468 2036 2525 ἑρμηνείᾳ
2087 2470 2188 2511 τῶν
2233 2468 2415 2512 δαεέων
2465 2468 2542 2511 καὶ

1540 2542 1696 2595 ψιλῶν
1729 2542 1804 2584 καὶ
1835 2541 1990 2595 μέεων
2021 2537 2283 2594 ετοιχείωνε
2323 2537 2385 2581 ad
2418 2542 2483 2592 12,
2516 2541 2544 2582 5

1539 2610 1605 2665 (in
1635 2625 1665 2667 p
1702 2611 1783 2666 13).
1828 2615 1892 2664 13,
1916 2615 1954 2658 2.
1998 2614 2062 2663 13,
2084 2615 2110 2653 5
2149 2609 2221 2652 bis
2260 2607 2323 2665 (in
2353 2623 2385 2665 p
2410 2612 2461 2653 13
2493 2609 2542 2654 et

1542 2683 1628 2737 14).
1667 2684 1730 2734 14,
1751 2686 1791 2724 2.
1826 2686 1891 2731 14,
1917 2686 2026 2725 7-9
2058 2680 2122 2734 (in
2152 2694 2183 2735 p
2219 2681 2287 2735 15)

432 2775 487 2790 =
509 2754 806 2809 ἐπιρρήματα
826 2754 1213 2808 ἀπαγορεύεεωεε
1247 2757 1313 2807 79,
1347 2759 1361 2796 1
1389 2754 1438 2797 et
1480 2749 2091 2796 Pseudochoerobosci
2149 2749 2432 2806 epimerismi
2489 2750 2536 2793 in

432 2824 562 2876 adn„
595 2824 806 2882 Append.
837 2839 868 2880 p
889 2829 913 2866 6
933 2817 1126 2877 61739,
1159 2837 1190 2878 p
1213 2829 1436 2877 94,1-16

374 2895 799 2952 Prolegomena
829 2895 973 2938 artis
1014 2894 1435 2950 Dionysianae‚

433 2967 601 3021 quibus
642 2966 837 3011 docetur
881 2966 995 3022 quid
1041 2965 1102 3008 sit
1145 2967 1277 3019 ὅρος,
1323 2965 1436 3021 quid

430 3039 598 3094 τέχνη,
641 3037 756 3094 quid
786 3038 1103 3093 γραμματικῆς
1150 3035 1304 3079 XXIII
1325 3041 1434 3080 40—

431 3108 583 3151 XXIV
606 3115 674 3152 29.
705 3108 785 3151 LV
807 3113 831 3151 9

368 3181 753 3235 promiscuum
808 3178 884 3221 vel
927 3178 1246 3222 subcommwne
1293 3192 1437 3235 yenus

431 3251 696 3304 nominum,
729 3249 966 3294 ἐπίκοινον
995 3251 1155 3302 γένοεε
1189 3254 1257 3303 25,
1285 3256 1302 3292 1

371 3322 752 3377 promissivus
781 3321 943 3365 modus
964 3320 1119 3364 verbi:
1153 3319 1213 3363 acl
1235 3325 1305 3375 47,
1325 3325 1436 3364 3-4

432 3395 485 3449 (p
507 3394 584 3447 48)

375 3475 686 3518 pronomen
717 3463 936 3507 definitur
966 3467 1035 3516 63,
1059 3468 1098 3510 2.
1131 3462 1436 3517 sequentibus

434 3534 591 3578 verbis
637 3535 795 3589 agitur
842 3534 900 3578 de
938 3533 1292 3590 pronominibus
1334 3547 1436 3590 per·

434 3605 675 3650 sonalibus
716 3619 836 3660 quae
875 3619 958 3648 nos
996 3603 1213 3659 dicimus,
1254 3618 1436 3660 posses-

436 3677 569 3731 sivis,
627 3676 880 3727 reflexivis3
940 3675 1020 3718 sed
1073 3689 1255 3730 eorum,
1314 3688 1434 3731 quae

435 3749 683 3803 praeterea
726 3747 773 3790 in
810 3746 1138 3803 pronominum
1177 3759 1370 3790 numero
1410 3759 1438 3789 a

434 3818 568 3861 nobis
600 3819 666 3874 (et
703 3818 761 3861 ab
795 3817 897 3860 aliis
931 3818 1138 3860 veterum
1170 3815 1437 3872 grammati·

437 3895 617 3944 corum)
639 3889 888 3944 habentur,
910 3888 1146 3945 profertur
1166 3887 1358 3934 nullum.
1384 3913 1431 3919 -

1537 2822 1767 2879 psalmos:
1820 2822 1879 2879 ad
1911 2827 1982 2875 28,
2008 2826 2033 2865 5
2066 2823 2150 2868 ter.
2180 2825 2250 2875 34,
2273 2826 2313 2865 3.
2343 2825 2414 2876 35,
2436 2826 2478 2865 3.
2508 2826 2537 2876 4

1538 2895 1611 2937 ter
1649 2895 1883 2949 (emend.).
1924 2898 1992 2947 36,
2026 2898 2063 2938 5.
2097 2896 2137 2938 6.
2169 2897 2238 2947 39,
2266 2898 2300 2938 1.
2323 2896 2348 2934 2
2380 2891 2462 2938 bis.
2497 2897 2538 2935 3.

1538 2970 1608 3019 40,
1642 2970 1764 3007 1-2.
1805 2970 1930 3008 2-3,
1958 2969 1986 3006 4
2025 2962 2257 3019 (emend).
2309 2966 2376 3016 41,
2419 2966 2457 3005 1.
2495 2965 2537 3006 3.

1536 3041 1606 3090 43,
1631 3042 1669 3079 3.
1708 3040 1839 3089 44,1.
1878 3039 1947 3090 60,
1979 3039 2105 3078 2-3.
2143 3037 2212 3086 61,
2244 3039 2369 3078 2—3.
2414 3036 2484 3086 65,
2518 3037 2538 3076 1

1539 3105 1605 3158 (in
1635 3106 1756 3153 med.
1787 3121 1818 3162 p
1849 3107 1935 3161 65).
1976 3110 2044 3159 72,
2065 3108 2189 3150 4—5.
2230 3108 2300 3159 88,
2325 3107 2478 3155 3-89,
2502 3109 2542 3150 1.

1537 3182 1650 3230 89,1
1687 3178 1788 3220 619
1829 3177 1913 3222 bis.
1952 3179 2196 3231 91,2-92,
2220 3180 2256 3218 1.
2296 3179 2366 3229 99,
2387 3179 2427 3218 9.
2472 3179 2540 3228 93,

1542 3253 1661 3293 1—2.
1703 3253 1773 3303 91,
1806 3252 1963 3302 9-95,
1994 3252 2028 3290 1.
2067 3250 2136 3299 95,
2164 3249 2318 3298 2-96,
2347 3250 2372 3288 2
2413 3244 2480 3301 (in
2510 3258 2541 3301 p

1538 3319 1621 3374 96).
1656 3324 1724 3373 96,
1752 3323 1872 3362 1—2.
1903 3322 1972 3372 97,
1999 3321 2175 3370 1—100,
2200 3320 2219 3359 1
2255 3316 2384 3373 (ante
2415 3314 2538 3360 med.

1537 3404 1568 3445 p
1592 3391 1683 3445 97).
1716 3395 1811 3443 100,
1835 3395 1859 3432 2

1480 3461 1754 3516 punctum
1794 3459 2010 3516 duplex
2049 3473 2063 3502 ι
2103 3459 2150 3502 et
2187 3472 2215 3501 υ
2254 3456 2422 3500 litteris
2459 3456 2540 3501 ad-

1539 3530 1685 3574 ditum
1716 3530 1764 3573 in
1795 3529 2082 3574 Monacensi:
2134 3530 2253 3572 Acta
2282 3527 2467 3572 Trever.
2502 3541 2534 3584 p

1543 3606 1634 3649 165.
1650 3626 1694 3632 ——
1711 3601 1980 3657 superius
2007 3601 2248 3656 punctum,
2271 3597 2539 3652 inferius,

1538 3686 1585 3714 m
1597 3685 1621 3716 e
1634 3671 1659 3714 d
1673 3671 1688 3714 i
1700 3686 1728 3714 u
1739 3685 1786 3714 m
1804 3671 1864 3715 ad
1881 3669 2214 3728 distinguenda
2229 3667 2474 3713 enuntiata
2492 3670 2541 3712 et

1539 3742 1889 3786 enuntiatorum
1919 3743 2097 3798 partes:
2145 3746 2183 3796 7,
2202 3745 2312 3785 4-7
2346 3739 2395 3783 et
2418 3738 2540 3794 adn„

1536 3812 1664 3856 XXX
1682 3818 1749 3866 20,
1780 3812 1899 3856 Acta
1937 3812 2075 3857 Trev.
2106 3827 2137 3869 p
2168 3813 2404 3864 165-,-167,
2448 3808 2541 3853 ΖΜ·

1544 3883 2006 3941 Wiederherstelluny
2034 3897 2064 3938 p
2088 3886 2142 3926 76
2172 3883 2221 3926 et
2249 3886 2301 3927 81
