2814 4400
383 835 464 887 Ad
515 855 549 904 p
588 836 623 888 4
673 836 908 905 Θρᾷκα.
983 834 1046 886 In
1096 833 1431 902 Moschopuli
1480 833 1684 903 sylloge
1730 852 1921 886 vocum
1974 836 2252 887 atticarum
2302 837 2401 888 sub

235 922 463 986 Δεὑρίεκει
508 920 643 972 haec
690 920 945 989 legimus:
979 921 1202 982 λέγεταί
1238 936 1315 972 τι(
1355 920 1497 988 Θρᾷξ
1536 919 1827 973 Διονύειοε
1866 921 2096 984 ἐξευρεῖν
2133 939 2252 975 τινα
2289 929 2398 975 τῶν

239 1007 565 1072 γραμμάτων
614 1004 723 1058 ἀπὸ
768 1008 861 1069 τῆς
908 1011 1017 1059 τῶν
1066 1005 1331 1058 Φοινίκων
1380 1006 1642 1068 γλώττης,
1694 1005 1737 1072 ᾧ
1778 1008 2116 1072 προςεφεῦρέ
2163 1007 2237 1058 τίς
2284 1025 2402 1061 τινα

237 1096 347 1144 τῶν
387 1094 610 1152 διπλῶν,
651 1090 854 1155 ψαλίδα
892 1090 1057 1143 εἰπὼν
1084 1091 1182 1154 τὴν
1221 1089 1464 1155 επαλίδα,
1503 1089 1875 1155 ἀντιετρόφωε
1901 1090 1966 1142 τὰ
1994 1091 2251 1156 (ύμφωνα
2278 1093 2400 1144 θείς.

195 1176 303 1227 5de
359 1175 551 1243 quibus
607 1174 785 1226 verbis
834 1173 1087 1226 Lehrsius
1135 1173 1294 1226 Anal.
1345 1176 1465 1242 post
1509 1172 1878 1226 Herodianum
1932 1194 1966 1242 Ρ
2015 1175 2146 1227 438:
2210 1176 2403 1228 Veteris

238 1260 542 1314 Aristarchi
579 1260 884 1312 memoriam
911 1260 1059 1327 apud
1081 1260 1335 1326 quosdam
1361 1264 1708 1312 extremorum
1733 1258 2159 1327 Byzantiuorum
2185 1262 2404 1330 mirifice

237 1346 567 1398 obscuratam
600 1344 788 1411 fuisse,
831 1345 1059 1412 lepidum
1096 1345 1384 1412 eoeemplum
1421 1348 1494 1398 est
1529 1343 1878 1412 Moschozmli,
1917 1348 2011 1411 qui
2047 1347 2176 1412 quid
2210 1347 2403 1412 ἐξευρί-
2493 1416 2497 1421 .

239 1448 376 1484 εκειν
415 1434 461 1483 et
498 1431 827 1496 ἐφευρίεκειν
866 1431 1121 1498 differant
1148 1430 1531 1498 patefacturus,
1571 1432 1648 1483 ita
1684 1432 1891 1483 scribit:
1932 1432 2137 1493 λέγεται
2167 1473 2178 1483 .
2202 1474 2211 1483 .
2235 1433 2398 1485 ..Θεία

238 1517 377 1583 quod
411 1533 734 1582 quamquam
772 1516 930 1567 etiam
956 1517 1328 1583 portentosius‚
1369 1532 1546 1568 eorum
1585 1516 1843 1581 admonet,
1884 1517 1976 1582 qui
2001 1516 2322 1569 Zenodotum
2358 1521 2405 1570 et

173 1617 214 1648 ιο
237 1601 611 1653 Aristarchum
652 1599 927 1653 Pisistrati
963 1601 1207 1666 aequales
1238 1601 1484 1666 feceruut.
1548 1600 1681 1651 mihi
1720 1600 1932 1668 quidem
1981 1601 2302 1653 incredibile·
2328 1603 2400 1653 vi-

236 1685 413 1745 detur,
463 1685 872 1753 Moschopulum
909 1685 1004 1737 illa
1041 1687 1251 1747 λὲγεταί
1279 1699 1363 1738 ’τις
1403 1687 1546 1754 Θρᾷξ
1586 1686 1874 1739 Διονύειοε
1914 1687 2200 1754 scripsisse.
2276 1705 2402 1739 con-

234 1771 478 1839 iecerim,
517 1770 767 1839 Dionysii
803 1788 997 1822 nomen
1037 1769 1095 1821 in
1133 1770 1375 1839 margine
1415 1771 1481 1822 ab
1520 1770 1623 1822 alio
1663 1770 1926 1822 adiectum
1965 1770 2159 1835 fuisse,
2209 1772 2301 1840 qui
2339 1772 2403 1823 de

233 1855 506 1924 alphabeti
543 1855 721 1925 graeci
761 1856 969 1925 origine
1008 1855 1530 1923 commentationem,
1569 1859 1756 1924 utpote
1783 1874 1942 1924 quam
1982 1874 2101 1908 cum
2138 1861 2251 1908 arte
2277 1843 2403 1909 Dio-

232 1942 459 2010 nysiana
486 1941 827 1994 coniunctam
854 1940 1056 2011 legeret
1093 1940 1166 2010 (v.
1195 1940 1361 2009 praef.
1390 1939 1549 1992 XXII
1575 1940 1658 1996 39.
1701 1939 1822 1994 LIV
1846 1942 1956 2010 43),
1994 1942 2403 2012 technographo

170 2043 211 2076 15
233 2026 336 2095 ipsi
374 2026 725 2079 adscribebat.
785 2027 843 2078 in
882 2025 976 2078 illa
1014 2026 1155 2078 enim
1195 2028 1646 2078 commentatione
1685 2026 1881 2078 similia
1918 2027 2270 2080 inveniuntur
2306 2028 2400 2095 618,

233 2130 369 2181 quae
407 2130 472 2164 ex
511 2110 847 2179 Moschopuli
885 2110 1095 2180 sylloge
1134 2111 1539 2179 exscripsimus:
1590 2113 1719 2165 οὐδὲ
1755 2110 1854 2182 (816
1891 2112 2064 2184 Leid.)
2100 2115 2202 2178 γὰρ
2240 2115 2402 2179 γράμ-

158 2253 163 2257 ‚
233 2216 370 2264 ματα
417 2197 672 2264 εἶχονοὶ
708 2198 996 2264 Ἕλληνες,
1045 2197 1185 2250 ἀλλὰ
1231 2198 1318 2250 διὰ
1356 2199 1637 2263 φοινικίων
1684 2200 2008 2264 γραμμάτων
2056 2198 2299 2266 ἔγραφον
2339 2201 2404 2254 τὰ

234 2284 440 2337 ἑαυτῶν
480 2284 730 2347 ἑλληνικὰ
766 2282 1045 2346 γράμματα
1084 2320 1306 2336 ......
1348 2284 1537 2350 πολλῷ
1574 2289 1650 2351 τῷ
1687 2285 1870 2352 χρόνῳ
1896 2288 2010 2337 τοῑ(
2050 2285 2112 2336 (θ’
2146 2285 2402 2350 ἐχρῶντο.

233 2367 360 2422 ὅθεν
400 2369 451 2422 οἱ
487 2369 702 2435 ἀρχαῖοι
728 2370 796 2434 μὴ
824 2368 1044 2433 ἔχοντες
1068 2369 1131 2420 τὸ
1165 2370 1210 2432 ᾧ
1248 2369 1345 2431 τὴν
1376 2369 1577 2433 ψαλίδα
1602 2370 1828 2422 επαλίδα
1865 2369 2055 2431 ἔλεγον
2096 2409 2107 2420 .
2139 2411 2149 2421 .
2177 2412 2187 2422 .
2217 2412 2226 2421 .
2267 2372 2404 2435 πρὸ(

167 2473 209 2506 20
232 2458 397 2508 ταῦτα
443 2453 742 2520 Σιμωνίδης
791 2453 821 2505 ὁ
871 2453 997 2505 Χῑοε
1043 2450 1143 2522 (816
1191 2451 1338 2504 Leid.
1393 2451 1621 2505 Grottaf.
1671 2453 1902 2505 Parisini
1949 2454 2087 2507 2553
2137 2460 2191 2506 et
2239 2456 2402 2524 2555)

231 2539 525 2605 προεέθηκε
564 2540 664 2594 δύο
702 2543 746 2604 ἦ
783 2540 867 2593 καὶ
906 2542 979 2606 ὤ,
1019 2538 1342 2604 Ἐπίχαρμος
1382 2541 1440 2592 δὲ
1479 2540 1509 2592 ὁ
1550 2541 1913 2606 Συρακούειο(
1951 2543 2068 2606 τρία
2106 2531 2137 2596 ἶ
2166 2531 2197 2597 Ξ
2232 2545 2294 2608 ᾧ.

373 2681 437 2733 ad
460 2681 516 2749 5,
534 2681 696 2748 1-6,
710 2680 745 2734 3
764 2679 982 2750 [LEOT.
998 2679 1331 2748 ARMENII]
1355 2679 1595 2733 Primum
1615 2686 1780 2750 caput
1792 2683 2051 2735 versionis
2071 2685 2404 2736 armeniacae

231 2767 295 2818 ad
316 2766 547 2819 litteram
568 2785 884 2819 conversum
905 2769 986 2819 est
1004 2767 1057 2817 in
1082 2766 1308 2818 latinum
1329 2784 1627 2818 sermonem
1650 2786 1680 2818 a
1700 2767 1904 2819 Merxio
1925 2768 2090 2836 praef.
2114 2768 2294 2822 LXIII
2313 2787 2405 2838 seq

231 2855 284 2904 et
322 2852 528 2921 aliquot
566 2852 678 2905 eius
717 2869 871 2904 voces
909 2851 1305 2903 accuratissime
1344 2851 1660 2919 explanatae
1699 2852 1898 2904 ibidem
1936 2872 1971 2921 Ρ
2012 2852 2159 2906 LXV
2186 2872 2294 2922 seq.

169 3011 211 3044 25
376 2993 442 3046 ad
477 2994 534 3062 5,
562 2994 595 3047 3
636 2992 888 3064 [DISGR.
916 2992 1010 3045 ET
1049 2991 1354 3062 TESTIM]
1414 2991 1479 3044 In
1519 2992 1842 3046 Varronis
1880 2995 2057 3047 verbis
2085 2993 2202 3065 (ars
2221 3014 2402 3063 yram-

203 3090 210 3097 ·
232 3082 428 3133 matica
463 3081 682 3133 scientia
720 3083 793 3132 est
827 3096 1004 3131 eorum
1030 3096 1167 3146 quae
1203 3097 1238 3131 a
1257 3080 1422 3146 poetis
1449 3079 1710 3132 historicis
1736 3081 2132 3147 oratoribusque
2156 3082 2405 3135 dicuutur

233 3182 295 3218 ex
330 3170 491 3233 parte
535 3164 759 3236 maiore)
796 3181 1004 3216 comma
1047 3164 1186 3233 quod
1234 3167 1355 3232 post
1401 3178 1580 3218 eorum
1627 3165 1860 3232 positum
1907 3169 1988 3217 est
2026 3166 2188 3217 deleri
2227 3167 2400 3234 debet,

233 3251 358 3319 quia
383 3268 446 3303 ew
470 3259 626 3318 parte
652 3252 852 3304 maiore
878 3248 1217 3301 referendum
1243 3252 1325 3301 est
1348 3249 1416 3300 ad
1439 3267 1519 3316 yr.
1547 3250 1764 3302 scientia
1790 3254 1863 3303 est
1887 3268 2079 3303 eorum.
2140 3251 2259 3303 vide
2287 3252 2404 3305 Zur

249 3335 769 3403 Wiederherstelluu9
805 3336 891 3387 des
937 3334 1149 3387 altesteu
1187 3335 1591 3401 Comperidiums
1634 3335 1725 3387 der
1763 3334 2104 3389 Grammatih
2143 3338 2227 3404 (in
2265 3337 2401 3390 libro

172 3441 215 3472 30
238 3421 330 3490 qui
367 3421 656 3489 inscriptus
694 3424 774 3473 est
798 3419 1108 3486 Festschrift
1140 3435 1238 3472 eur
1262 3419 1604 3487 Beyriissuuy
1641 3420 1732 3472 der
1760 3419 1942 3472 XXX
1955 3421 2053 3474 VI.
2078 3421 2401 3491 Philotoyeu-

233 3506 622 3574 versammluu9
668 3509 722 3558 et
771 3508 979 3574 prostat
1026 3505 1084 3556 in
1131 3504 1184 3556 J.
1228 3504 1283 3557 C.
1328 3504 1390 3556 Β.
1429 3504 1630 3556 Mohrii
1679 3504 1900 3558 libraria
1949 3505 2298 3578 Friburgensi
2349 3511 2402 3559 et

234 3590 591 3660 Tubingensi)
628 3609 663 3659 p
702 3591 787 3658 73,
837 3589 932 3642 ubi
979 3589 1042 3640 de
1087 3589 1324 3657 genuina
1361 3589 1537 3641 forma
1574 3593 1627 3641 et
1663 3589 1727 3642 de
1767 3592 2036 3644 sententia
2074 3592 2400 3645 definitionis

236 3675 596 3744 Dionysianae
623 3675 949 3743 disputatum
977 3677 1072 3726 est.
1113 3706 1179 3712 —
1219 3673 1595 3726 Diomedem
1631 3677 2010 3745 grammaticae
2038 3677 2400 3729 definitionem

235 3759 367 3832 (tota
410 3779 490 3829 yr.
530 3762 763 3814 consistit
796 3761 1081 3829 praecipue
1126 3759 1383 3812 intellectu
1414 3763 1689 3826 poetarum
1728 3765 1775 3813 et
1810 3761 2146 3832 scriptorum)
2186 3779 2296 3813 non
2335 3762 2400 3813 ab

170 3862 213 3894 35
242 3846 516 3915 DionysiO,
567 3845 656 3898 sed
708 3846 774 3897 ab
821 3844 1066 3912 Varrone
1115 3848 1412 3896 mutuatum
1464 3862 1603 3912 6886,
1652 3846 1793 3914 quod
1841 3845 2287 3898 AWilmannsius
2336 3846 2400 3897 de

236 3930 492 3984 Varronis
512 3932 547 3983 1.
559 3949 640 4000 gr.
652 3949 687 3999 p
706 3930 804 3982 106
819 3933 1016 3996 censet,
1035 3929 1177 3982 credi
1198 3932 1344 3981 vetat
1363 3931 1675 3997 scriptorum
1697 3949 1893 3982 nomen
1914 3949 2033 3982 cum
2051 3931 2400 3983 Varronianis

235 4017 493 4069 historicis
528 4016 922 4083 oratoribusque
957 4018 1011 4066 et
1048 4033 1168 4067 cum
1206 4014 1536 4083 Dionysiano
1582 4020 1969 4082 ευγγραφεῦειν
2016 4020 2398 4084 comparatum.
