2814 4400
714 273 778 316 IN
809 271 1027 326 QVIBVS
1059 271 1196 315 SYRI
1228 270 1295 326 (S)
1328 270 1658 315 LECTIONES
1687 269 1919 314 INSVNT
2163 269 2394 313 LXXXIX

242 403 300 455 in
338 402 408 454 B:
458 403 741 467 ςυνώνυμα
787 402 845 455 δέ
894 401 1017 454 ἐςτι·
1044 401 1252 452 nomine
1298 400 1502 465 quidem
1551 399 1780 462 diversa,
1827 401 1888 452 τὸ
1927 399 2057 452 αὐτὸ
2097 402 2270 450 autem
2307 404 2394 462 δη-

248 491 462 541 λοῦντα.
525 487 766 555 exempla
803 487 859 539 in
895 488 1118 554 utroque
1158 487 1284 536 sunt
1320 488 1472 535 terna
1509 483 1727 535 nomina
1764 501 1898 553 quae
1937 484 2246 551 significant
2283 502 2394 553 spe-

244 590 348 625 cies
388 590 545 624 ensis.

382 728 447 780 ad
486 727 662 795 37,1.
739 728 1090 795 Φερώνυμον]
1131 723 1168 780 S
1208 726 1468 794 pluralem
1516 725 1700 789 habet,
1748 696 1874 777 item
1923 727 1977 777 in
2027 726 2395 778 convertendis

198 827 218 858 ⁵
242 814 350 867 ἀπό
388 831 533 868 τινος
571 813 968 880 ςυμβεβηκότος.
1031 829 1128 880 pro
1168 811 1421 879 exemplis
1460 810 1698 879 profanis
1738 811 1917 879 posuit
1955 829 2120 862 sacra.

383 983 448 1034 ad
488 983 581 1050 37,
609 982 832 1050 3-38,
859 981 913 1034 2.
988 980 1244 1049 Dionymi
1282 981 1521 1033 definit-io
1560 982 1698 1049 apud
1741 977 1778 1034 S
1817 980 1950 1032 haec
1990 983 2092 1043 est,
2142 981 2183 1031 si
2227 983 2270 1031 A
2312 999 2393 1033 co-

241 1067 409 1120 dicem
465 1070 759 1136 sequimur:
815 1068 1026 1133 quando
1083 1067 1184 1118 duo
1231 1067 1450 1119 nomina
1492 1070 1767 1132 ponuntur
1802 1065 2173 1132 principaliter
2220 1067 2395 1134 (quasi

241 1153 433 1222 legerit
469 1153 684 1217 κυρίως)
725 1153 785 1204 dc
820 1169 941 1219 ww,
979 1152 1115 1203 velut
1138 1151 1390 1218 Azarja
1428 1154 1475 1203 et
1508 1150 1724 1205 Uzzia.
1788 1151 1879 1203 hoc
1914 1167 2032 1202 vero
2067 1168 2252 1202 nomen
2290 1169 2395 1203 non

239 1238 375 1290 redit
421 1238 493 1290 ad
531 1254 584 1290 se
619 1238 808 1304 ipsum.
882 1253 989 1288 non
1025 1253 1141 1288 vero
1189 1237 1359 1288 omnis
1395 1238 1487 1303 qui
1534 1236 1732 1290 Περαία
1779 1236 1972 1288 dicitur
2010 1234 2261 1302 Azarja
2308 1242 2393 1288 est.

178 1336 217 1367 10
243 1321 284 1373 B
325 1321 487 1374 codex
528 1322 799 1374 consentit
836 1324 1055 1390 excepto
1082 1322 1362 1374 enuntiato
1389 1322 1594 1387 ultimo,
1632 1340 1727 1391 pro
1754 1338 1859 1389 quo
1886 1320 2016 1373 haec
2042 1320 2229 1372 habet:
2269 1323 2397 1387 quia

237 1424 344 1459 non
381 1409 551 1460 omnis
587 1409 677 1474 qui
702 1407 912 1473 Azarj
922 1424 958 1458 a
994 1407 1150 1459 etiam
1188 1406 1389 1461 Uzzia
1427 1412 1513 1460 est.
1580 1426 1699 1459 cum
1729 1409 1773 1457 A
1801 1406 1924 1458 libri
1962 1406 2224 1474 scriptura
2256 1423 2393 1457 com-

237 1482 486 1560 ponenda
533 1495 659 1544 sunt
705 1491 944 1544 scholion
984 1490 1269 1560 Stephani,
1320 1493 1626 1561 explanatio
1669 1510 1936 1561 anonyma
1976 1490 2233 1542 Marciani
2273 1491 2392 1554 489,

237 1577 400 1629 verba
449 1576 692 1647 Sergiani
740 1578 794 1628 in
837 1576 1108 1628 Donatum
1161 1578 1557 1642 commentarii,
1608 1596 1671 1630 ex
1719 1595 1824 1646 quo
1875 1594 2136 1628 consensu
2186 1575 2395 1644 conligo

239 1660 431 1730 Syrum
479 1662 669 1731 legisse
717 1661 775 1713 in
823 1679 918 1713 suo
967 1663 1095 1714 artis
1134 1663 1447 1731 exemplari:
1498 1663 1617 1716 οἷον
1655 1663 1824 1727 Πάρις
1862 1663 1892 1714 ὁ
1933 1663 2013 1713 καὶ
2051 1663 2396 1726 Ἀλέξανδρος

175 1763 215 1794 15
241 1747 511 1815 (Append.
539 1766 574 1815 p
602 1745 693 1815 V).
759 1746 1046 1798 Armenius
1085 1746 1249 1817 (quod
1287 1746 1376 1799 hic
1414 1747 1609 1814 adicio)
1650 1766 1711 1800 ea
1749 1747 1965 1799 nomina
1990 1764 2125 1814 quae
2163 1747 2216 1796 in
2246 1763 2396 1815 grae-

237 1850 418 1883 corum
466 1831 642 1884 locum
691 1830 970 1883 substituit
1015 1831 1298 1900 utrobique
1345 1830 1531 1884 eodem
1570 1832 1755 1885 ordine
1792 1831 2012 1901 profert.
2064 1863 2119 1868 —
2162 1830 2302 1899 quod
2341 1832 2396 1882 in

235 1917 478 1968 versione
528 1915 736 1985 syriaca
779 1933 890 1968 non
939 1916 1167 1984 legimus
1216 1934 1399 1969 vocem
1445 1919 1628 1983 κυρίου
1677 1917 1884 1969 nomini
1933 1916 2023 1968 sed
2072 1916 2263 1981 κυρίως
2310 1915 2396 1967 ad-

236 2002 417 2053 verbio
464 2001 896 2070 respondentem,
946 2000 1048 2053 hoc
1094 2002 1476 2054 conferendum
1529 2021 1646 2054 cum
1687 2005 1734 2054 A
1774 2002 1966 2054 codicis
2005 2000 2303 2069 corruptela
2340 2001 2395 2051 in

237 2086 545 2139 definitione
583 2086 943 2155 subsequenti.
1023 2088 1279 2154 (ceterum
1319 2088 1437 2140 vide
1476 2089 1539 2140 de
1578 2089 1762 2154 κυρίου
1802 2088 1862 2142 Ζ.
1890 2087 2398 2152 Wiederherstelluny

170 2188 213 2220 20
235 2190 270 2240 p
309 2171 394 2223 65.
433 2172 498 2224 67
540 2174 593 2238 et
629 2171 708 2224 cfr
745 2171 873 2223 artis
913 2191 946 2239 p
985 2173 1070 2238 31,
1099 2173 1132 2224 3
1170 2175 1304 2226 κατὰ
1341 2174 1531 2227 ἑνικῶν
1569 2192 1624 2226 τε
1662 2175 1747 2226 καὶ
1786 2174 2020 2239 δυϊκῶν.)

376 2328 442 2380 ad
479 2327 574 2395 38,
602 2328 767 2381 3-4.
843 2325 881 2382 S
909 2347 1019 2381 non
1047 2328 1304 2381 transfert
1330 2331 1359 2382 ὃ
1388 2332 1474 2383 καὶ
1498 2332 1767 2395 διώνυμον
1794 2333 2046 2395 καλεῖται,
2074 2346 2207 2396 quae
2233 2329 2396 2379 verba

235 2432 372 2465 unus
401 2431 428 2464 e
454 2413 752 2465 scholiastis
779 2413 1139 2482 (Heliodorus,
1178 2415 1282 2465 nisi
1320 2415 1492 2481 fallor,
1532 2414 1960 2468 Ohoeroboscum
1986 2416 2218 2480 secutus)
2260 2414 2394 2465 vitu-

234 2501 400 2567 perat.
476 2498 666 2550 deinde
712 2499 767 2549 in
810 2501 858 2550 A
898 2499 1075 2551 codice
1130 2516 1386 2551 conversa
1422 2500 1649 2570 legimus
1688 2501 1806 2566 μεθ’
1845 2501 2031 2565 ἑτέρου
2070 2500 2288 2564 κυρίως,
2338 2499 2394 2550 in

236 2583 279 2634 Β
317 2601 444 2635 vero
483 2585 603 2648 μεθ’
642 2584 828 2649 ἑτέρου
866 2585 1065 2650 κυρίου.

171 2756 213 2787 25
376 2739 441 2791 ad
479 2738 583 2807 38,
620 2739 676 2793 6.
752 2737 791 2794 S
840 2740 1076 2793 concinit
1122 2741 1356 2810 exceptis
1404 2741 1684 2810 exemplis:
1738 2741 2054 2795 Canaanaei
2094 2740 2396 2795 Pherezitae

234 2824 513 2878 Iobusitae.
1429 2834 1433 2837 ’

376 2981 441 3032 ad
479 2980 573 3048 39,
602 2982 630 3034 l
648 2980 763 3033 -2.
829 2979 867 3036 S
897 2983 1101 3036 omittit
1127 2986 1157 3037 ὃ
1187 2984 1269 3036 καὶ
1294 2986 1574 3037 πευςτικὸν
1602 2988 1848 3048 καλεῖται,
1878 2984 1958 3035 cfr
1985 3001 2120 3051 quae
2149 2984 2215 3034 ab
2244 2982 2392 3035 scho-

237 3067 407 3118 liastis
453 3067 659 3135 graecis
698 3076 747 3116 Σ
787 3067 912 3136 8713
957 3068 1080 3136 8725
1132 3072 1483 3137 exponuntur.
1560 3069 1615 3119 in
1654 3068 2100 3137 subsequentibus
2135 3068 2217 3119 bis
2255 3068 2396 3119 inter

147 3155 150 3158 ’
235 3170 291 3203 se
317 3151 620 3220 discrepant
658 3152 860 3204 codices
898 3153 1158 3205 versionis
1197 3154 1432 3221 syriacae
1472 3156 1515 3205 A
1556 3158 1609 3206 et
1647 3153 1706 3216 B,
1748 3154 1811 3205 de
1851 3155 2040 3222 quibus
2079 3152 2411 3204 differentiis.

173 3253 214 3283 30
239 3235 354 3287 vide
382 3236 667 3288 editionem
705 3236 1049 3289 Merxianam.
1092 3271 1157 3276 —-
1200 3237 1541 3305 [DISOREP.
1579 3239 1669 3290 ET
1708 3238 2016 3308 TESTIM]
2056 3239 2274 3303 πηλίκος
2318 3239 2392 3290 1⁴]b

236 3320 435 3372 habent
471 3321 529 3373 in
566 3322 832 3374 codicibus
874 3322 1282 3378 BasileensibUS.

378 3478 442 3527 ad
481 3476 575 3543 39,
603 3476 767 3530 3—4.
842 3479 1077 3531 concinit
1115 3476 1169 3534 S.

378 3633 443 3683 ad
483 3632 577 3698 40,
609 3633 768 3686 l-3,
834 3632 872 3688 S
913 3635 1184 3687 consentit
1222 3637 1455 3704 exceptis
1494 3637 1762 3705 exemplis
1828 3655 2086 3705 quaenam
2126 3638 2182 3689 in
2220 3637 2390 3688 locum

236 3722 480 3770 τοιοῦτος
517 3723 771 3772 τοςοῦτος
809 3723 1119 3784 τηλικοῦτος
1158 3722 1436 3772 nominum
1477 3722 1811 3773 substituerit
1844 3723 1984 3774 dicet
2018 3723 2115 3773 tibi
2146 3722 2391 3772 Merxius.

172 3904 215 3935 35
379 3887 442 3937 ad
483 3887 579 3953 40,
607 3887 832 3955 4—41‚
862 3889 914 3940 1.
987 3890 1225 3942 definitio
1280 3890 1431 3959 gravi
1488 3891 1870 3959 depravatione
1916 3894 2162 3959 corrupta
2210 3894 2290 3943 est
2334 3891 2392 3943 in

237 3972 463 4038 utroque
502 3972 756 4024 versionis
795 3973 1028 4040 syriacae
1055 3975 1259 4027 codice.
1333 3976 1575 4044 exempla
1613 3976 1794 4028 eadem
1834 3979 1984 4043 sunt,
2031 3976 2121 4027 sed
2161 3975 2391 4028 medium

236 4054 408 4106 locum
445 4059 594 4108 tenet
631 4058 794 4122 ὄχλος
833 4059 971 4110 sicut
1007 4077 1166 4127 supra
1203 4062 1285 4122 31,
1313 4059 1362 4111 2.
