2814 4400
399 264 541 307 XLIV
678 263 756 307 DE
790 264 1473 310 INTERPRETATIONIRVS
1505 265 1867 312 ARMENIACA
1898 267 1975 311 ET
2007 267 2269 313 SYRIACA

397 390 616 445 Deinde
653 392 804 445 nulla
840 393 1099 447 adductus
1122 394 1458 460 necessitate,
1498 394 1590 447 sed
1622 412 1690 450 ea,
1707 395 1916 448 ratione
1953 397 2013 448 ut
2048 394 2182 449 liber
2205 414 2331 450 suus
2356 415 2562 451 sacram

398 495 608 545 quoque
647 477 946 531 doctrinam
984 478 1265 549 redoleret,
1302 479 1512 549 saepius
1538 498 1636 550 pro
1674 480 1881 550 graecis
1918 480 2173 549 exemplis
2197 482 2562 536 nominalibus

395 561 577 630 posuit
606 580 677 639 *ex
713 564 1038 618 testamento
1077 566 1254 618 vetere
1292 581 1499 617 novove
1537 567 1774 634 sumpta:
1822 583 1858 634 p
1894 565 1981 633 24,
2008 567 2059 618 5.
2099 565 2185 634 27,
2214 566 2365 620 1—2.
2404 568 2560 621 3—6.

396 646 480 709 30,
510 645 704 712 5-31,
735 649 780 699 1.
821 648 917 711 33„
933 649 981 700 6.
1021 650 1106 719 36,
1133 649 1274 701 2-4
1313 649 1456 720 (109,
1484 650 1533 703 2.
1577 650 1692 714 118,
1720 650 1755 702 2
1793 653 1846 702 et
1868 650 1918 702 4.
1961 650 2077 718 119,
2108 651 2152 702 1.
2180 651 2229 703 2.
2258 651 2306 703 6.
2335 652 2468 722 7).*)
2492 683 2564 693 --

396 729 610 782 Incuria
645 725 926 801 perpaucis
963 733 1120 803 lociS,
1157 734 1260 786 nisi
1300 733 1477 802 fallor,
1515 733 1582 786 ab
1610 734 1900 803 archetypo
1936 752 2133 804 graeco
2160 736 2403 789 recessit:
2441 736 2563 790 vide
2605 755 2627 790 5

395 814 460 867 ad
498 815 585 883 28,
611 816 767 870 3—4.
808 817 892 882 88,
922 819 1114 887 3-89‚
1154 820 1198 871 1.
1244 850 1304 857 —
1346 818 1502 871 Haud
1539 819 1722 887 paucis
1759 837 1887 871 vero
1914 819 2044 872 locis
2072 820 2445 888 suspicandum
2483 824 2565 875 est

398 899 715 969 scripturam
754 902 821 955 ab
859 903 1049 955 ceteris
1087 904 1314 956 testibus
1340 903 1728 972 discrepantem
1755 903 1811 955 in
1849 905 1979 956 artis
2006 904 2295 974 exemplari
2322 923 2416 958 suo
2441 924 2561 959 eum

396 984 683 1055 invenisse,
709 986 856 1040 velut
879 987 963 1052 26,
991 989 1147 1040 5-6.
1187 989 1271 1058 61,
1299 989 1347 1044 3.
1385 988 1469 1056 63,
1501 989 1547 1041 1.
1575 989 1659 1054 74,
1691 990 1736 1041 1.
1766 990 1850 1057 75,
1881 990 1937 1057 13
1975 992 2070 1042 aut
2093 990 2564 1060 interpretationes

395 1086 615 1139 graecas
653 1071 709 1123 in
747 1089 859 1124 rem
897 1090 1044 1124 suam
1085 1073 1412 1126 convertisse
1446 1091 1669 1142 quarum
1705 1092 1849 1126 nunc
1887 1092 1999 1127 non
2026 1073 2285 1128 habemus
2314 1075 2395 1129 vel
2421 1078 2565 1130 certe

397 1155 636 1208 nondum
676 1157 1026 1226 cognovimus
1065 1158 1280 1211 simileS.
1363 1157 1492 1211 hinc
1538 1160 1751 1227 praeter
1797 1158 1903 1210 alia
1955 1159 2203 1212 videntur
2241 1159 2566 1231 diphthongi
2588 1181 2630 1214 ιο

394 1244 760 1310 repugnantes
798 1243 1118 1311 repetendae
1169 1260 1283 1295 esse
1331 1261 1467 1311 quae
1515 1245 1571 1295 in
1612 1242 1855 1295 versione
1893 1244 2196 1297 armeniaca
2231 1244 2564 1298 naturalibus

401 1326 758 1391 subiciuntur,
798 1327 916 1379 vide
955 1327 1021 1378 ad
1058 1346 1092 1398 p
1123 1327 1202 1390 10,
1230 1327 1290 1396 83
1338 1325 1465 1380 hinc
1505 1327 1701 1380 classes
1739 1326 2071 1381 adverbiales
2107 1347 2238 1398 quas
2276 1330 2566 1384 Armenius

393 1411 537 1463 inter
561 1411 870 1479 optativam
909 1412 1142 1480 speciem
1180 1415 1235 1464 et
1271 1411 1691 1465 schetliasticam
1729 1415 2023 1481 enumerat,
2065 1414 2183 1466 vide
2220 1415 2285 1466 ad
2322 1433 2358 1484 p
2385 1416 2466 1469 77.

536 1496 784 1549 Ceterum
821 1514 932 1548 non
973 1495 1144 1548 solum
1181 1497 1571 1566 interpretandi
1604 1497 1782 1550 officio
1829 1497 2163 1567 fungendum
2190 1498 2395 1552 Merxio
2434 1502 2565 1569 erat,

393 1581 485 1633 sed
542 1582 704 1634 etiam
759 1580 901 1634 haud
963 1581 1126 1634 semel
1183 1581 1598 1647 emendandi,
1666 1599 1800 1651 quae
1866 1582 1953 1635 via
2008 1601 2166 1652 quam
2222 1583 2426 1637 lubrica
2478 1585 2562 1650 sit,
2588 1603 2632 1637 15

396 1666 678 1735 apparebit
723 1667 824 1719 tibi
871 1667 1143 1736 reputanti
1190 1666 1330 1719 hanc
1380 1667 1678 1720 versionem
1727 1667 2009 1720 innumera
2045 1667 2241 1721 habere
2278 1670 2571 1738 peculiaria

393 1770 527 1820 quae
565 1751 622 1805 in
661 1752 808 1804 nullo
845 1752 949 1805 alio
988 1753 1126 1805 libro
1166 1752 1467 1805 armeniaco
1506 1754 1803 1805 occurrant.
1866 1755 1923 1804 at
1959 1755 2086 1805 sunt
2122 1752 2227 1806 loci
2255 1755 2347 1807 ubi
2386 1758 2570 1824 pateat

393 1837 627 1891 Girbiedi
667 1837 955 1890 editionem
994 1837 1244 1889 exhibere
1293 1855 1428 1906 quae
1475 1837 1765 1890 Armenius
1814 1838 2045 1890 scribere
2076 1838 2240 1891 ·nullo
2278 1839 2440 1892 modo
2477 1858 2568 1910 po-

391 1923 579 1987 tuerit,
637 1940 701 1975 ac
755 1921 1076 1974 medicinam
1130 1925 1312 1991 petere
1361 1922 1519 1975 liceat
1572 1940 1636 1974 ex
1691 1920 1980 1992 archetypo
2029 1939 2257 1992 graeco:
2326 1924 2445 1978 vide
2501 1925 2569 1978 ad
2648 1958 2652 1964 ·

391 2027 425 2077 p
453 2009 538 2071 21,
564 2008 614 2060 2.
654 2007 738 2073 22,
766 2008 816 2059 2.
853 2007 940 2075 41,
966 2007 1123 2063 2-3,
1164 2007 1248 2071 62,
1275 2008 1326 2060 5.
1366 2007 1453 2075 63,
1481 2008 1529 2060 3.
1569 2008 1654 2076 68,
1687 2007 1732 2060 1.
1771 2007 1855 2075 73,
1887 2008 2039 2061 1—2.
2079 2008 2164 2076 83,
2189 2009 2239 2061 2.
2279 2009 2365 2077 85,
2392 2011 2441 2062 2.
2480 2010 2566 2079 91,
2589 2028 2633 2062 so

398 2096 440 2145 1.
481 2093 564 2158 92,
602 2094 656 2146 3.
696 2093 781 2158 94,
821 2093 1028 2160 2-95,
1061 2094 1086 2144 1
1128 2092 1276 2161 (107,
1303 2092 1461 2147 3-5.
1515 2092 1638 2157 109,
1665 2093 1739 2162 5).
1816 2091 1936 2144 aliis
1973 2092 2106 2146 locis
2143 2110 2416 2162 speramus
2452 2093 2568 2148 fore

395 2181 454 2230 ut
492 2178 584 2230 lux
622 2178 880 2247 affulgeat
920 2176 1149 2230 conlatis
1186 2177 1305 2230 aliis
1345 2177 1608 2230 versionis
1636 2177 2029 2246 exemplaribus
2055 2180 2147 2232 aut
2170 2179 2428 2248 inspectis
2454 2179 2566 2234 eius

397 2262 613 2316 scholiis
651 2263 949 2330 veteribuS,
989 2262 1188 2332 quippe
1226 2280 1451 2332 quorum
1491 2264 1737 2315 auctores
1783 2263 1978 2332 partim
2018 2263 2253 2317 eiusdem
2292 2282 2412 2319 cum
2450 2283 2566 2319 ver·

393 2349 542 2401 sione
580 2349 771 2402 aetatis
808 2348 935 2401 sint.

533 2433 614 2486 De
649 2435 869 2487 technes
908 2434 1295 2502 supplementis
1343 2434 1412 2486 ab
1449 2433 1707 2486 Armenio
1754 2434 2023 2486 conversis
2061 2433 2180 2487 vide
2227 2434 2370 2488 infra
2415 2454 2450 2505 p
2486 2434 2559 2489 LI
2586 2451 2630 2486 25

392 2519 485 2587 28,
527 2518 623 2571 LII
660 2519 754 2585 29,
794 2518 918 2571 LIII
961 2517 1043 2571 19.

537 2703 615 2756 De
667 2704 930 2772 syriaca
985 2703 1592 2772 interpretatione,
1652 2721 1786 2772 quae
1842 2702 2013 2755 eidem
2069 2703 2182 2756 fere
2234 2722 2364 2758 aevo
2403 2707 2565 2775 atque

395 2788 701 2842 armeniaca
739 2788 1027 2841 tribuenda
1065 2791 1163 2855 est,
1204 2788 1463 2840 nonnulla
1501 2789 1699 2856 protuli
1739 2787 1795 2840 in
1836 2806 2015 2858 progr.
2055 2789 2324 2858 gymnasii
2350 2787 2564 2843 Heidel-

393 2873 670 2943 bergensis
723 2874 853 2926 anni
913 2873 1043 2925 1881
1097 2871 1382 2942 pIV—V.
1466 2873 1670 2943 publici
1726 2873 1853 2926 iuris
1902 2890 2019 2925 eam
2066 2873 2226 2926 faciet
2272 2873 2565 2928 Merxius

395 2959 757 3028 adiungetque
797 2958 1225 3011 dissertationem
1273 2959 1334 3011 de
1377 2958 1510 3025 fatis
1548 2959 1682 3013 artis
1713 2959 2092 3027 yrammaticae
2128 2958 2473 3028 apud„Syros
2506 2959 2563 3012 in
2589 2977 2633 3010 so

396 3044 660 3096 volumine
712 3043 874 3096 alium
924 3061 1131 3112 quoque
1186 3042 1656 3114 technographum
1704 3043 1907 3112 syrium
1957 3044 2368 3112 complectente,
2425 3045 2564 3115 quod

397 3129 663 3197 prostabit
701 3129 757 3181 in
797 3129 1015 3182 libraria
1051 3127 1505 3198 orphanotrophei
1542 3127 1811 3181 HalensiS.
1865 3128 2019 3181 nobis
2058 3128 2279 3181 tradidit
2306 3127 2564 3182 versionis

394 3214 691 3266 versionem
718 3214 793 3266 ita
818 3204 1136 3282 institutam,
1174 3216 1234 3266 ut
1260 3213 1577 3283 ubicumque
1614 3215 1821 3282 pateret
1851 3213 2042 3283 Syrum
2069 3230 2261 3283 graeca
2298 3212 2563 3267 imitatum

397 3318 528 3368 esse,
567 3317 750 3351 rursus
788 3299 844 3351 in
884 3317 1135 3368 graecum
1175 3316 1478 3351 sermonem
1517 3298 1659 3351 illius
1697 3298 1860 3351 verba
1898 3298 2242 3366 transferret3
2282 3316 2563 3368 quaecum-

396 3402 496 3453 que
535 3387 714 3436 autem
755 3384 823 3436 ab
863 3383 1122 3453 Dionysio
1160 3383 1541 3453 discreparent,
1582 3383 1638 3436 in
1674 3382 1898 3435 latinam
1936 3383 2179 3453 linguam
2208 3385 2560 3438 converteret.
2582 3399 2628 3434 85

394 3469 535 3521 unde
573 3469 752 3521 omnia
779 3487 913 3538 quae
951 3470 1016 3521 ad
1054 3469 1436 3522 restituendam
1463 3468 1695 3522 technen
1722 3468 1946 3521 alicuius
1973 3467 2229 3521 momenti
2269 3486 2385 3521 esse
2422 3468 2563 3538 vide-

394 3555 593 3607 bantur
629 3557 902 3607 mutuatus
940 3572 1054 3606 sum
1092 3554 1398 3623 inseruique
1436 3553 1579 3606 infra
1615 3551 1908 3606 Addendis.
2306 3547 2310 3552 ’

538 3638 812 3692 Exhibent
837 3639 1339 3708 interpretationem
1379 3639 1642 3692 codices
1680 3638 1802 3691 duo
1841 3638 2045 3691 musei
2085 3637 2559 3713 Londiqnensis,

395 3726 535 3779 Adel.
565 3727 739 3778 14620
776 3724 850 3777 fol
877 3725 964 3777 23Γ
990 3743 1117 3794 seqq
1157 3724 1353 3778 saeculi
1382 3723 1456 3776 IX
1496 3722 1659 3793 (apud
1686 3741 1786 3776 nos
1814 3724 1886 3792 A)
1927 3725 1981 3775 et
2006 3723 2147 3777 Add.
2174 3712 2347 3776 1465&
2371 3723 2447 3776 fol
2473 3724 2563 3776 921

396 3809 592 3863 saeculi
621 3809 726 3863 VII
754 3808 866 3880 (B).
928 3809 983 3862 in
1013 3811 1057 3861 A
1089 3809 1222 3862 libro
1248 3810 1537 3863 translatae
1565 3809 1816 3878 leguntur
1841 3808 1971 3860 artis
2000 3808 2326 3878 paragraphi
2355 3808 2562 3861 11-20
2583 3825 2625 3859 40

510 3995 552 4047 *)
584 3994 745 4038 Patria
782 3993 974 4039 nomina
1012 3992 1204 4050 propria
1242 3994 1469 4049 praetulit
1511 3993 1759 4039 Armenius
1799 3991 1864 4036 eis
1904 4006 2026 4048 quae
2065 3993 2113 4036 in
2159 3990 2328 4036 techne
2369 3990 2561 4048 legebat

399 4078 430 4119 p
455 4069 523 4118 25,
548 4069 586 4107 9.
620 4070 686 4117 26,
708 4070 833 4109 2—5.
867 4069 935 4118 38,
957 4068 982 4107 6
1015 4068 1131 4119 (117,
1153 4064 1211 4117 9).

2799 4152 2814 4400 ιἈΑ..Δι.-ι4.ημ
2810 4111 2814 4124 ‚A
2806 4071 2814 4086 ς
2810 4033 2814 4045 -
2810 3998 2814 4002 .
2810 3953 2814 3977 ,-
2809 3899 2814 3923 ,-
2799 3858 2814 3867 έ
2805 3807 2814 3833 ιω
2791 3713 2807 3730 ⁸
