2814 4400
451 237 493 283 X
1119 233 1198 277 DE
1229 231 1523 278 EDITIONE
1555 228 1951 275 BEKKERIANA

453 383 588 419 cano
645 364 825 417 codice
882 363 1090 432 profert
1152 361 1398 430 nullam]
1478 361 1517 427 f.
1563 360 1668 413 152
1721 358 1842 423 περὶ
1898 359 2089 411 ποδῶν
2159 355 2615 425 [supplementum

452 449 705 522 tertium].
782 448 935 501 Folia
977 446 1251 501 143—151
1292 463 1467 498 meum
1513 444 1571 496 in
1618 461 1771 496 usum
1817 459 2024 494 summa
2071 438 2350 510 diligentia
2386 441 2617 503 excussit

455 534 683 601 AMau,
734 532 823 602 qui
872 532 1098 585 alteram
1136 548 1352 583 manum
1402 528 1773 581 correctricem
1811 524 2059 577 distinxit
2094 523 2180 581 his
2216 524 2376 579 locis:
2425 525 2486 593 6,
2528 525 2612 579 12.

453 620 536 687 30,
564 620 613 672 3.
651 619 736 686 32,
771 620 814 673 1.
856 618 939 683 86,
967 618 1024 683 4,
1064 616 1154 669 sed
1192 617 1379 684 postea
1417 611 1547 664 mihi
1585 610 1823 679 scripsit:
1863 609 1938 662 m²
1974 609 2099 662 sind
2129 609 2264 664 wohl
2286 626 2392 663 nur
2413 614 2616 679 ,spc‘itcrc
2712 626 2714 628 ’

453 707 778 757 correcturen
822 703 909 756 des
955 706 1122 755 ersten
1165 700 1468 766 schreibch,
1517 698 1608 749 der
1657 695 1887 749 nachher
1923 695 2021 747 das
2052 709 2220 762 ⁴carme
2255 695 2386 748 noch
2420 696 2618 753 einmal
2636 710 2659 744 5

454 788 733 841 durchsah.
798 789 943 841 certo
982 785 1260 839 constabat
1295 783 1474 836 Mauio
1514 799 1600 849 ea,
1640 798 1774 849 quae
1799 779 1960 831 rubro
1987 779 2206 848 appicta
2231 781 2379 848 sunt,
2415 779 2616 850 scripta

453 890 564 925 non
612 890 726 925 esse
774 872 840 924 ab
888 871 993 923 alia
1037 888 1216 931 manu,
1291 868 1526 921 adiectae
1574 867 1751 918 autem
1798 865 2049 934 leguntur
2085 862 2188 917 hoc
2223 863 2500 933 pigmento
2537 864 2618 919 in-

453 956 771 1026 scriptiones
783 997 798 1025 ,
845 955 1077 1008 initiales
1124 956 1355 1018 litterae,
1404 951 1658 1004 lectiones
1707 949 2095 1018 discrepantes:
2150 948 2271 1001 vide
2324 946 2390 1001 ad
2438 948 2526 1018 22,
2564 947 2614 1002 5.

453 1041 539 1109 24,
580 1041 629 1094 5.
687 1041 771 1109 25,
814 1041 860 1094 1.
918 1041 1003 1104 33,
1041 1042 1089 1095 5.
1145 1039 1230 1106 49,
1269 1038 1317 1090 2.
1374 1037 1459 1104 62,
1497 1036 1544 1090 5.

593 1127 650 1180 0.
691 1125 1063 1180 Ohoeroboscus
1110 1126 1202 1192 qui
1243 1123 1413 1189 fertur
1459 1121 1591 1190 (cod.
1633 1119 1815 1173 Paris.
1854 1120 2013 1174 2594.
2070 1121 2163 1188 fol.
2202 1119 2613 1187 105r—118v).
2638 1136 2680 1168 ιο

453 1229 562 1264 non
600 1211 770 1279 ipsam
798 1212 966 1262 artem
993 1209 1232 1273 exhibet,
1272 1224 1456 1259 verum
1495 1205 1992 1258 commentariolum
2019 1208 2084 1260 ab
2110 1203 2371 1276 Hilgardo
2396 1203 2614 1268 editum,

452 1296 541 1365 qui
582 1295 817 1348 codicem
856 1294 904 1347 R
942 1294 1200 1364 appellat,
1239 1292 1483 1361 equidem
1526 1290 1612 1342 σῑῖ.

596 1380 665 1432 F.
705 1381 857 1434 editio
896 1379 1139 1433 Fabricii
1177 1378 1335 1446 (apud
1373 1395 1473 1430 nos
1510 1376 1582 1449 f).

592 1463 668 1516 Η.
708 1466 896 1518 codicis
932 1463 1358 1532 Hamburyensis
1387 1480 1444 1531 p.
1485 1462 1668 1515 6—15

593 1551 644 1604 h.
683 1551 907 1604 ciusdem
948 1568 1002 1617 p.
1040 1551 1349 1611 298—320,
1401 1565 1537 1616 quae
1583 1547 2077 1601 commentariolum
2126 1515 2406 1599 continent
2450 1543 2616 1617 (apud
2637 1560 2679 1594 15

449 1654 548 1689 nos
593 1635 700 1707 6¹¹).

591 1721 674 1774 M.
714 1721 821 1774 cod.
864 1719 1036 1773 Venet.
1065 1718 1244 1772 Marc.
1274 1719 1405 1786 652,
1456 1735 1610 1787 quem
1649 1718 1758 1770 iam
1797 1716 1905 1769 dixi
1944 1719 2066 1786 post
2101 1716 2454 1769 Villoisonem
2494 1733 2616 1769 con·

451 1806 636 1859 tulisse
673 1805 994 1875 Hilgardum
1032 1822 1094 1857 ac
1131 1805 1327 1855 memet
1365 1802 1635 1872 appellare
1673 1801 1742 1854 V.

592 1891 666 1944 N.
693 1891 875 1958 Ncplco
913 1890 1047 1959 (cod.
1074 1888 1255 1942 Paris.
1282 1890 1426 1941 2558
1459 1889 1501 1955 f.
1529 1888 1904 1958 42r.-52v.).
1978 1904 2047 1940 ne
2084 1886 2173 1940 hic
2198 1885 2412 1956 quidem
2451 1884 2616 1938 codex

451 1977 622 2046 ipsam
662 1979 833 2029 artem
870 1974 1036 2027 habet
1072 1973 1163 2026 sed
1192 1972 1702 2027 commentariolum.
1757 1973 1824 2025 ab
1849 1971 2110 2042 Hilgardo
2138 1970 2470 2042 significatur
2493 1968 2553 2039 Ρ,
2580 1987 2612 2022 a
2635 1987 2678 2020 πο

450 2080 535 2115 me
577 2060 660 2114 σΡ.

594 2146 658 2199 Ρ.
701 2145 1026 2200 Οαηῐαείαηαε
1062 2149 1110 2198 ct
1146 2145 1196 2196 T
1193 2145 1474 2198 arinensiS.
1551 2143 1614 2196 de
1652 2143 1843 2213 quibus
1881 2142 2038 2196 modo
2077 2142 2204 2195 dixi.

595 2232 648 2284 S.
689 2230 899 2285 Scholia
925 2231 1033 2283 cod.
1072 2230 1238 2284 Vatic.
1266 2233 1346 2282 14.
1411 2228 1942 2281 animadvertendum
1976 2230 2058 2280 est
2090 2245 2200 2280 non
2227 2245 2314 2280 eas
2339 2227 2615 2292 lectioneS,

452 2335 586 2386 quae
625 2334 688 2369 ex
725 2315 856 2384 ipsis
894 2315 1246 2384 interpretum
1287 2313 1754 2383 explanationibus
1789 2313 1990 2366 hauriri
2026 2315 2274 2382 possunt,
2312 2311 2616 2366 Bekkerum

452 2402 801 2471 excerpsisse,
852 2401 941 2452 sed
989 2400 1083 2452 illa
1129 2402 1259 2452 nota
1306 2399 1689 2469 significavisse
1738 2399 2010 2462 lemmata,
2060 2416 2197 2466 quae
2234 2390 2616 2467 saepenumero
2638 2416 2682 2451 25

451 2486 519 2539 ab
557 2484 1088 2554 interpretationibus
1125 2483 1279 2536 valde
1317 2483 1647 2552 discrepant,
1689 2483 1835 2535 velut
1871 2482 1977 2535 BA
2015 2483 2159 2551 8193.

597 2570 658 2622 T.
710 2569 1027 2623 Theodosius
1081 2569 1188 2623 cod.
1248 2567 1428 2622 Paris.
1484 2571 1643 2622 2063.
1718 2568 1880 2620 immo
1935 2567 2092 2620 2603.
2151 2566 2462 2620 chartaceus
2518 2569 2614 2633 est,

451 2656 670 2720 Ο,21><
693 2655 876 2721 0‚14·¹¹,
934 2654 1130 2707 saeculi
1179 2652 1324 2706 XVI.
1382 2652 1515 2706 folia
1566 2653 1736 2705 1-16
1785 2653 2064 2706 continent
2109 2653 2416 2722 fragmenta
2461 2669 2617 2722 argu-

453 2739 620 2792 menti
667 2738 1031 2808 grammatici,
1082 2756 1302 2807 quorum
1350 2755 1483 2806 quae
1529 2738 1784 2806 leguntur
1830 2738 1888 2789 in
1926 2737 2072 2790 foliis
2114 2738 2179 2790 13
2222 2736 2286 2789 14
2322 2737 2356 2790 5
2393 2737 2449 2801 6,
2487 2734 2618 2790 Dio-

452 2823 593 2892 nysii
631 2827 771 2875 sunt.
847 2823 1036 2875 folium
1081 2824 1162 2876 13r
1209 2822 1401 2891 incipit
1446 2822 1511 2874 ab
1559 2822 1634 2875 eis
1684 2841 1818 2891 quae
1865 2822 1922 2874 in
1968 2824 2154 2875 nostra
2199 2821 2433 2874 editione
2469 2820 2684 2877 inve-30

453 2909 675 2961 niuntur
712 2927 746 2976 p
784 2908 880 2976 24,
918 2909 976 2975 3,
1025 2907 1141 2959 folii
1183 2908 1272 2959 14v
1310 2909 1602 2959 extremum
1643 2908 1861 2960 verbum
1909 2909 1990 2959 est
2027 2907 2147 2961 οἷον
2184 2925 2218 2975 p
2253 2907 2351 2971 56,
2389 2906 2447 2970 2,
2497 2905 2616 2959 sub-

454 3011 681 3062 sequens
730 2997 845 3046 νοῶ
894 2993 1165 3044 invenitur
1212 2993 1367 3045 initio
1415 2992 1532 3043 folii
1569 2994 1645 3056 5‘,
1694 2992 1883 3045 folium
1933 2991 1991 3044 6γ
2030 2991 2189 3044 finem
2235 2990 2617 3061 grammaticae

456 3078 684 3131 exhibet.
759 3080 882 3145 post
918 3076 1058 3131 hunc
1097 3080 1414 3147 sequuntur:
1465 3079 1586 3144 περὶ
1625 3079 1858 3144 μέτρων;
1900 3076 1931 3130 ὁ
1969 3076 2159 3143 ἴαμβος
2196 3077 2249 3132 ἓξ
2288 3077 2478 3143 χώρας·
2505 3075 2616 3130 ἐπι-

455 3165 678 3229 δέχεται.
745 3164 839 3215 τὰε
877 3163 970 3227 μὲν
1010 3163 1110 3217 οὖν
1148 3164 1307 3217 πέντε
1347 3164 1683 3227 (υγκειμέναε
1723 3163 1831 3228 ἔχει
1870 3162 1927 3215 ἐκ
1966 3161 2267 3215 (πονδείου.
2332 3160 2614 3215 δακτύλου.

456 3251 542 3301 καὶ
589 3247 933 3301 ἀναπαίετου.
996 3249 1078 3300 καὶ
1125 3248 1357 3314 χορείου.
1419 3249 1504 3301 καὶ
1551 3247 1739 3314 ἰάμβου
1778 3250 1883 3300 κτλ.
1932 3245 2140 3314 (eadem
2188 3263 2320 3314 quae
2365 3245 2682 3315 legunturaf,

455 3334 510 3385 in
560 3333 925 3401 supplemento
975 3332 1131 3384 tertio
1178 3352 1212 3401 p
1256 3332 1694 3401 122,13-123,
1721 3331 1803 3404 5),
1854 3329 2043 3383 deinde
2090 3330 2153 3382 de
2201 3329 2527 3383 barbarismo
2564 3332 2619 3384 et

458 3417 769 3470 soloecismo
797 3416 1068 3484 expositio,
1122 3418 1294 3485 primo
1321 3416 1450 3468 folio
1476 3419 1620 3470 recto
1648 3416 1964 3487 inscriptum
1992 3417 2072 3467 est
2097 3415 2390 3469 θεοδοείου.
2442 3414 2616 3469 denuo

458 3501 687 3554 contulit
725 3500 918 3552 librum
956 3500 1385 3554 MBonnetus.

600 3585 745 3638 Addi
785 3590 993 3653 poterat
1039 3588 1146 3639 cod.
1198 3586 1374 3640 Paria
1422 3588 1589 3653 2650,
1638 3587 1731 3653 qui
1776 3586 1868 3652 fol.
1910 3588 2207 3639 147—150
2248 3586 2618 3654 paraphrasin

458 3672 609 3725 habet
647 3671 1026 3738 yrammaticao
1067 3670 1437 3739 Dionysianac
1476 3671 1728 3724 verbatim
1772 3672 2136 3741 transcriptae.
2638 3695 2682 3728 «ιο

601 3755 725 3809 (lod.
767 3754 1054 3808 Vossianus
1083 3759 1150 3808 76
1182 3758 1565 3824 yrammaticac
1600 3756 1777 3823 capita
1813 3755 2055 3809 habet13
2092 3757 2440 3823 (γραμματική
2479 3758 2616 3811 ἐςτιν

465 3847 614 3908 -τῷ
653 3840 874 3906 ὀνόματι
912 3841 1307 3910 ὑποβέβληται),
1347 3841 1835 3895 commentariorum
1872 3858 2124 3909 maynam
2152 3845 2375 3909 partem.
2438 3839 2618 3894 Etiam

462 3928 635 3977 cetera
681 3925 808 3978 artis
854 3924 1031 3994 capita
1076 3925 1130 3976 in
1180 3925 1280 3978 hoc
1328 3925 1464 3978 libro
1503 3926 1675 3978 inesse
1713 3925 1914 3994 primus
1950 3925 2112 3977 Elink
2151 3924 2306 3978 Sterk
2345 3924 2526 3979 docuit
2561 3925 2618 3978 in

463 4010 713 4077 symbolis
753 4009 1023 4062 litterariis
1063 4009 1333 4062 doctorum
1375 4010 1429 4062 in
1468 4009 1761 4079 gymnasiis
1800 4008 2018 4062 Batavis
2054 4013 2184 4063 tom.
2225 4007 2332 4063 VII
2367 4027 2402 4078 p
2440 4009 2525 4062 34.
