2814 4400
1025 289 1103 333 DE
1135 289 1352 336 CODICE
1382 291 1661 339 LEIDENSI
2315 301 2424 345 XXI

266 414 311 466 si
350 432 454 466 una
492 418 628 481 erat,
675 415 944 468 interdum
987 433 1102 468 eam
1140 415 1373 469 calamos
1419 420 1652 472 mutasse
1699 424 1791 474 aut
1836 423 2040 476 acuisse
2079 424 2247 493 (velut
2282 444 2316 494 p
2354 428 2422 479 56

265 500 320 550 et
358 498 505 569 109),
553 499 821 553 interdum
858 500 1020 553 etiam
1056 500 1411 552 atramentum
1448 518 1671 555 novasse
1709 507 1801 557 aut
1838 508 2207 574 permiscuisse
2252 508 2422 578 (velut

262 584 543 652 postquam
580 584 823 652 pervenit
870 583 937 637 ad
983 582 1210 636 mediam
1250 584 1548 638 columnam
1585 584 1611 637 I
1652 588 1880 656 paginae
1916 591 2023 661 62).
2087 593 2418 646 characteres

263 683 585 737 cognoscere
634 668 758 721 licet
806 686 869 721 ex
914 667 1100 720 tabula
1144 666 1311 720 altera
1356 668 1884 740 photolithographa.
1969 675 2035 726 ab
2082 675 2419 730 Monacensis

218 765 240 799 5
261 749 658 805 characteribus
696 770 815 805 cum
841 751 1038 820 alioqui
1063 753 1177 804 tum
1204 751 1306 805 hac
1332 770 1388 805 re
1414 753 1689 819 differunt,
1731 756 1866 824 quod
1895 757 2202 813 minusculis
2227 761 2419 814 litteris

258 834 602 889 intermixtae
640 839 768 889 sunt
801 836 1123 890 maiusculae
1159 835 1227 906 (e.
1266 854 1320 906 g.
1360 837 1418 888 in
1454 837 1684 907 paginae
1720 839 1790 891 59
1827 840 2104 895 columnae
2142 844 2170 896 Ι
2207 844 2350 898 linea
2386 847 2419 899 9

257 948 422 1002 habes
447 931 564 1018 Δρ,
604 967 722 1003 011111
747 949 805 1002 111
830 949 985 1003 lineis
1012 951 1042 1003 7
1071 952 1123 1003 et
1153 951 1206 1002 1]
1243 950 1426 1004 eadem
1452 969 1553 1003 vox
1577 953 1889 1006 minusculis
1921 958 2137 1008 exarata
2161 957 2412 1029 legatur).

258 1051 393 1103 quae
439 1052 524 1087 res
581 1051 690 1086 non
743 1036 853 1087 tam
908 1035 1190 1099 vetustiuS,
1247 1037 1307 1087 ut
1356 1035 1483 1088 olim
1545 1036 1878 1102 credebatur,
1938 1057 2097 1107 quam
2150 1044 2415 1096 recentius

257 1135 445 1172 aevum
470 1119 682 1172 indicat.
745 1136 916 1188 neque
942 1119 1308 1188 superpositae
1333 1119 1545 1172 litterae
1570 1120 1723 1174 lineis
1758 1124 1906 1187 sunt,
1945 1141 2103 1192 quam
2139 1128 2416 1180 vetustatis

192 1226 235 1259 ιο
257 1205 442 1256 notam
465 1202 803 1256 Monacensis
826 1203 1015 1271 habet,
1055 1203 1146 1256 sed
1176 1203 1240 1256 de
1266 1203 1422 1256 lineis
1448 1204 1765 1274 dependent.
1828 1210 1883 1259 at
1912 1207 2053 1260 infra
2075 1208 2412 1263 undecimum

253 1287 524 1341 saeculum
562 1288 833 1358 exemplar
868 1306 978 1341 non
1016 1288 1346 1341 detruserim.

392 1372 478 1424 Ab
534 1371 717 1425 eadem
751 1386 936 1425 >manu
990 1372 1278 1442 repetenda
1332 1377 1457 1426 sunt
1521 1375 1684 1427 etiam
1740 1374 2103 1429 additamenta
2156 1380 2413 1432 nonnulla

250 1457 557 1510 maiusculis
594 1458 653 1510 in
690 1458 931 1527 margine
969 1457 1173 1510 adiecta
1209 1457 1314 1528 (cfr
1349 1458 1406 1510 in
1444 1459 1549 1512 tab.
1575 1458 1723 1528 phot.
1752 1459 1969 1513 alterius
2006 1462 2235 1532 paginae
2273 1482 2410 1517 mar-

249 1543 432 1612 ginem
470 1541 714 1615 dextrum
753 1560 872 1595 cum
910 1543 984 1595 eis
1023 1560 1156 1611 quae
1194 1542 1446 1596 adnotavi
1484 1543 1548 1595 ad
1584 1562 1620 1612 p
1646 1545 1731 1610 37,
1758 1545 1791 1597 3
1830 1548 1884 1597 et
1911 1546 1999 1614 38,
2032 1548 2082 1614 1)
2121 1549 2174 1599 et
2210 1565 2410 1602 correc-

185 1648 226 1681 15
248 1627 421 1680 tiones
458 1627 665 1696 aliquot
700 1627 870 1698 (velut
904 1646 939 1696 p
977 1627 1072 1696 39,
1114 1628 1209 1697 1).-

387 1712 513 1764 Alia
550 1730 675 1765 vero
714 1712 883 1764 multa
917 1710 1053 1764 liber
1090 1729 1121 1763 a
1159 1711 1404 1764 manibus
1442 1712 1648 1781 accepit
1682 1710 2081 1768 recentioribus.
2155 1735 2263 1769 una
2299 1717 2408 1789 (L2)

245 1797 396 1850 fusco
421 1798 735 1862 atramento,
764 1795 905 1865 quod
931 1797 1111 1848 tamen
1135 1813 1511 1866 nonnusquam
1537 1797 1595 1848 in
1620 1797 1892 1851 flaviorem
1919 1799 2150 1852 colorem
2175 1802 2404 1866 transiit,

245 1881 553 1951 saepissime
588 1898 698 1933 non
736 1878 907 1933 solum
943 1885 1193 1933 accentus
1239 1883 1292 1934 et
1339 1882 1558 1950 spiritus
1597 1883 1650 1934 et
1686 1882 1891 1935 litteras
1927 1885 2154 1937 mutavit
2189 1888 2282 1938 aut
2318 1886 2406 1938 ad-

243 1965 406 2034 didit,
444 1965 535 2019 sed
573 1965 735 2018 etiam
773 1982 927 2018 voces
963 1965 1122 2018 modo
1162 1965 1400 2036 singulas
1437 1966 1594 2018 modo
1631 1966 1809 2035 plures
1846 1969 1988 2020 inter
2023 1969 2190 2021 lineas
2226 1970 2311 2022 vel
2348 1971 2406 2023 in

177 2073 220 2105 20
242 2050 576 2120 marginibus
613 2049 919 2119 adscripsit:
967 2050 1021 2102 id
1060 2050 1202 2119 quod
1249 2049 1381 2103 fecit
1426 2049 1515 2103 hic
1553 2053 1820 2104 corrector
1867 2053 2063 2130 partim
2102 2056 2243 2107 certe
2281 2072 2403 2107 con-

241 2135 350 2188 lato
387 2135 491 2188 alio
532 2125 738 2204 codice,
780 2135 870 2204 qui
909 2138 1169 2205 cognatus
1197 2134 1675 2188 Grottaferratensi
1714 2139 1826 2188 erat
1862 2135 2002 2207 (vide
2029 2155 2071 2190 e.
2098 2156 2150 2207 g.
2177 2157 2213 2207 p
2243 2140 2322 2204 12,
2350 2140 2399 2191 2.

244 2221 334 2289 15,
372 2221 423 2273 3.
478 2221 568 2287 16,
614 2220 756 2291 1)*);
813 2220 914 2289 ipsi
963 2220 1212 2272 videntur
1257 2219 1437 2272 deberi
1488 2220 1841 2273 correctiones
1893 2221 2167 2291 signorum
2221 2241 2399 2291 proso-

240 2304 534 2371 diacorum,
574 2304 665 2357 sed
703 2304 838 2357 aliae
875 2322 1187 2374 perpaucae.
1218 2336 1281 2343 -
1314 2304 1449 2357 alter
1474 2304 1743 2358 diorthota
1780 2305 1893 2375 (L3)
1932 2306 2065 2358 flavo
2104 2310 2399 2360 atramento

239 2387 433 2441 adiecit
477 2388 533 2441 in
585 2389 827 2459 margine
875 2390 1036 2442 verba
1083 2389 1306 2459 aliquot,
1363 2407 1496 2458 quae
1543 2389 1607 2442 L¹
1659 2407 1769 2442 non
1826 2390 2089 2458 exaravit,
2147 2391 2399 2445 exhibent

174 2494 217 2528 25
241 2472 447 2526 codices
482 2473 798 2527 deteriores:
836 2493 871 2543 p
901 2475 983 2543 10,
1029 2476 1072 2526 1.
1119 2475 1198 2539 13,
1238 2476 1288 2528 5.
1332 2475 1411 2542 14,
1452 2475 1479 2525 1
1520 2476 1573 2526 et
1608 2474 1660 2526 2x
1699 2476 1783 2541 61,
1821 2474 1976 2528 2-3.
2018 2476 2100 2542 75,
2138 2476 2186 2528 3.
2225 2507 2294 2515 -
2331 2477 2397 2529 114

236 2558 626 2627 redintegravit
663 2558 850 2611 ductus
889 2558 1140 2612 evanidos
1176 2558 1381 2627 primae
1419 2561 1509 2610 aut
1545 2558 1762 2611 alterius
1800 2577 1988 2612 manus
2024 2578 2060 2628 p
2097 2559 2182 2628 59,
2220 2562 2395 2614 4-9,

235 2641 319 2707 60,
346 2642 503 2695 2-4.
542 2643 628 2712 66,
655 2644 759 2696 3—
780 2643 863 2708 67,
895 2645 941 2696 1.
979 2644 1062 2710 68,
1090 2644 1141 2696 4.
1180 2673 1243 2681 -
1285 2645 1494 2713 saepius
1533 2661 1683 2708 ver0,
1723 2645 2036 2713 praesertim
2072 2644 2162 2697 ubi
2188 2645 2395 2698 litterae

235 2727 463 2780 detritae
490 2732 639 2794 sunt,
667 2728 772 2782 dici
797 2728 1011 2797 nequit,
1051 2727 1344 2780 alteramne
1372 2728 1439 2780 ad
1463 2746 1680 2781 manum
1707 2747 1774 2781 an
1802 2729 1866 2781 ad
1896 2731 2108 2781 tertiam
2136 2731 2393 2783 correctio

233 2811 511 2865 referenda
549 2813 620 2866 sit
657 2831 726 2865 an
762 2813 903 2866 forte
941 2813 1159 2882 quintae
1196 2814 1378 2865 manui
1416 2813 1683 2866 debeatur.
1748 2813 1938 2881 quibus
1977 2814 2105 2867 locis
2140 2814 2241 2867 1130
2265 2818 2394 2868 nota

169 2918 212 2952 30
233 2896 316 2949 usi
353 2914 559 2950 sumus:
597 2897 683 2950 Lx.

377 2980 481 3035 Sed
517 2999 627 3035 non
663 2981 821 3035 modo
859 2982 1069 3034 litterae
1107 2984 1160 3034 et
1197 2982 1360 3034 verba
1398 2983 1612 3052 singula
1649 2983 1716 3035 ab
1742 2983 2120 3036 recentioribus
2145 2985 2391 3037 manibus

232 3064 416 3118 addita
453 3069 604 3134 sunt,
653 3084 835 3120 verum
873 3069 928 3119 et
962 3067 1234 3136 margines
1271 3066 1427 3118 multi
1464 3069 1517 3119 et
1555 3085 1646 3120 eae
1684 3069 1940 3137 paginae,
1980 3086 2112 3136 quae
2150 3086 2181 3120 a
2217 3069 2391 3137 prima

231 3168 393 3204 manu
431 3168 629 3204 vacuae
675 3150 893 3204 relictae
941 3153 1116 3219 erant,
1171 3150 1296 3219 quia
1341 3150 1617 3220 archetypi
1664 3153 1928 3220 scriptura
1973 3151 2057 3204 his
2104 3151 2234 3205 locis
2273 3171 2387 3205 eva·

230 3237 439 3304 nuerat,
481 3235 948 3305 explanationibus
985 3235 1296 3305 plerumque
1333 3234 1647 3305 theologicis
1685 3236 1952 3305 impletae.

165 3342 207 3374 35
370 3319 538 3373 Rubri
576 3321 839 3392 pigmenti
884 3321 1087 3390 species
1125 3319 1257 3372 duae
1304 3320 1672 3388 inveniuntur,
1723 3338 1945 3389 quarum
1983 3339 2091 3373 una
2127 3321 2387 3375 miniacea

230 3407 325 3458 est.
387 3406 532 3458 hunc
570 3406 798 3459 colorem
833 3425 868 3475 p
894 3405 1177 3459 236—254
1213 3404 1272 3456 in
1310 3405 1712 3474 subscriptione,
1751 3405 1924 3458 titulis
1950 3408 2216 3475 quattuor,
2254 3425 2384 3460 non-

228 3490 391 3542 nullis
428 3490 750 3559 initialibus,
790 3491 1124 3558 accentibus,
1164 3490 1685 3558 interpunctionibus
1719 3490 2090 3560 conspicimus,
2165 3492 2381 3545 alterius

226 3575 491 3644 pigmenti
527 3575 688 3628 rubor
723 3578 964 3646 tempore
1002 3575 1060 3628 in
1097 3574 1310 3627 badium
1349 3575 1577 3627 colorem
1614 3577 1847 3628 mutatus
1873 3577 1966 3629 est.
2021 3575 2123 3628 hoc
2148 3576 2379 3629 initiales

228 3661 282 3711 et
319 3662 631 3712 ornamenta
668 3678 712 3713 e.
752 3679 803 3731 g.
842 3660 900 3713 in
936 3680 972 3729 p
1014 3661 1059 3712 1.
1102 3659 1181 3715 10.
1220 3659 1304 3712 28.
1344 3659 1410 3712 47
1452 3660 1660 3728 expieta
1696 3663 1834 3713 sunt.

163 3764 206 3796 ιο
369 3742 753 3813 Complectitur
790 3747 965 3805 autem
990 3744 1267 3797 thesaurus
1295 3742 1565 3796 Leidensis
1591 3742 1753 3798 haece
1782 3744 2007 3814 scripta:
2045 3763 2154 3814 pag
2183 3747 2206 3796 1
2247 3745 2326 3798 col
2351 3745 2376 3798 Ι

226 3859 293 3866 -
330 3847 439 3898 pag
478 3830 506 3881 7
546 3828 629 3881 001
666 3827 719 3882 II

336 4000 379 4051 ²¹⁶)
411 4011 503 4042 non
531 4000 634 4055 ipso
666 3998 1078 4044 Grottaferratensi
1106 4012 1239 4042 usum
1270 4010 1367 4041 esse
1396 3997 1599 4063 probant
1626 4012 1658 4054 p
1680 4002 1749 4053 26,
1771 4003 1795 4042 7
1818 3999 2166 4055 (ἑμπεπτωκόε)
2191 4000 2238 4042 et
2259 4003 2326 4054 76,
2348 4004 2375 4043 4

227 4070 276 4121 (ἂ
306 4069 482 4125 βάλαι),
514 4070 601 4113 nisi
628 4070 747 4114 forte
777 4069 848 4114 his
876 4070 988 4114 locis
1019 4068 1233 4113 adhibuit
1262 4069 1504 4122 exemplar
1532 4069 1736 4115 tertium.
