<?xml version="1.0" encoding="UTF-8"?>
<!DOCTYPE html PUBLIC "-//W3C//DTD XHTML 1.0 Transitional//EN"
    "http://www.w3.org/TR/xhtml1/DTD/xhtml1-transitional.dtd">
<html xmlns="http://www.w3.org/1999/xhtml" xml:lang="en" lang="en">
 <head>
  <title>
</title>
<meta http-equiv="Content-Type" content="text/html;charset=utf-8" />
  <meta name='ocr-system' content='tesseract 3.04.00' />
  <meta name='ocr-capabilities' content='ocr_page ocr_carea ocr_par ocr_line ocrx_word'/>
</head>
<body>
  <div class='ocr_page' id='page_1' title='image "./dionysiithracisa00dionuoft_0083.png"; bbox 0 0 2814 4400; ppageno 0'>
   <div class='ocr_carea' id='block_1_1' title="bbox 695 274 2380 334">
    <p class='ocr_par' dir='ltr' id='par_1_1' title="bbox 695 274 2380 334">
     <span class='ocr_line' id='line_1_1' title="bbox 695 274 2380 334; baseline -0.005 -9"><span class='ocrx_word' id='word_1_1' title='bbox 695 282 757 325; x_wconf 91' lang='lat' dir='ltr'>IN</span> <span class='ocrx_word' id='word_1_2' title='bbox 789 279 1009 334; x_wconf 82' lang='lat' dir='ltr'><strong>QVIBVS</strong></span> <span class='ocrx_word' id='word_1_3' title='bbox 1041 278 1182 322; x_wconf 83' lang='lat' dir='ltr'>SYRI</span> <span class='ocrx_word' id='word_1_4' title='bbox 1213 277 1280 334; x_wconf 87' lang='lat' dir='ltr'>(S)</span> <span class='ocrx_word' id='word_1_5' title='bbox 1312 276 1648 320; x_wconf 83' lang='lat' dir='ltr'>LECTIONES</span> <span class='ocrx_word' id='word_1_6' title='bbox 1680 274 1905 319; x_wconf 82' lang='lat' dir='ltr'>INSVNT</span> <span class='ocrx_word' id='word_1_7' title='bbox 2152 275 2380 318; x_wconf 84' lang='lat' dir='ltr'>LXXXIII</span> 
     </span>
    </p>
   </div>
   <div class='ocr_carea' id='block_1_2' title="bbox 170 404 2393 1494">
    <p class='ocr_par' dir='ltr' id='par_1_2' title="bbox 170 404 2393 1494">
     <span class='ocr_line' id='line_1_2' title="bbox 367 404 2378 477; baseline -0.004 -15"><span class='ocrx_word' id='word_1_8' title='bbox 367 411 430 462; x_wconf 85' lang='lat' dir='ltr'>ad</span> <span class='ocrx_word' id='word_1_9' title='bbox 480 409 581 477; x_wconf 88' lang='grc'>22,</span> <span class='ocrx_word' id='word_1_10' title='bbox 608 409 662 464; x_wconf 82' lang='lat'>5.</span> <span class='ocrx_word' id='word_1_11' title='bbox 727 406 766 462; x_wconf 93' lang='lat' dir='ltr'>S</span> <span class='ocrx_word' id='word_1_12' title='bbox 814 425 923 459; x_wconf 91' lang='lat' dir='ltr'>non</span> <span class='ocrx_word' id='word_1_13' title='bbox 974 405 1270 475; x_wconf 85' lang='lat' dir='ltr'>praemittit</span> <span class='ocrx_word' id='word_1_14' title='bbox 1315 404 1530 456; x_wconf 87' lang='lat' dir='ltr'>titulum</span> <span class='ocrx_word' id='word_1_15' title='bbox 1579 404 1670 471; x_wconf 90' lang='lat' dir='ltr'>qui</span> <span class='ocrx_word' id='word_1_16' title='bbox 1720 404 1985 471; x_wconf 84' lang='lat' dir='ltr'>significet</span> <span class='ocrx_word' id='word_1_17' title='bbox 2032 405 2094 457; x_wconf 81' lang='lat' dir='ltr'>de</span> <span class='ocrx_word' id='word_1_18' title='bbox 2129 405 2378 457; x_wconf 74' lang='lat' dir='ltr'>oratione.</span> 
     </span>
     <span class='ocr_line' id='line_1_3' title="bbox 225 487 2382 558; baseline -0.006 -9"><span class='ocrx_word' id='word_1_19' title='bbox 225 515 324 549; x_wconf 90' lang='lat' dir='ltr'>nec</span> <span class='ocrx_word' id='word_1_20' title='bbox 372 494 636 547; x_wconf 85' lang='lat' dir='ltr'>convertit</span> <span class='ocrx_word' id='word_1_21' title='bbox 672 511 728 547; x_wconf 90' lang='grc' dir='ltr'>τε</span> <span class='ocrx_word' id='word_1_22' title='bbox 766 495 851 546; x_wconf 84' lang='grc' dir='ltr'>καὶ</span> <span class='ocrx_word' id='word_1_23' title='bbox 889 492 1174 558; x_wconf 79' lang='grc' dir='ltr'>ἐμμέτρου,</span> <span class='ocrx_word' id='word_1_24' title='bbox 1223 506 1357 557; x_wconf 89' lang='lat' dir='ltr'>quae</span> <span class='ocrx_word' id='word_1_25' title='bbox 1397 488 1680 540; x_wconf 86' lang='lat' dir='ltr'>deteriores</span> <span class='ocrx_word' id='word_1_26' title='bbox 1719 488 1924 540; x_wconf 83' lang='lat' dir='ltr'>codices</span> <span class='ocrx_word' id='word_1_27' title='bbox 1963 488 2262 540; x_wconf 90' lang='lat' dir='ltr'>definitioni</span> <span class='ocrx_word' id='word_1_28' title='bbox 2302 487 2382 538; x_wconf 93' lang='lat' dir='ltr'>in-</span> 
     </span>
     <span class='ocr_line' id='line_1_4' title="bbox 226 572 2383 647; baseline -0.004 -14"><span class='ocrx_word' id='word_1_29' title='bbox 226 583 428 635; x_wconf 79' lang='lat' dir='ltr'>serunt.</span> <span class='ocrx_word' id='word_1_30' title='bbox 502 579 658 630; x_wconf 88' lang='lat' dir='ltr'>huius</span> <span class='ocrx_word' id='word_1_31' title='bbox 706 577 995 647; x_wconf 82' lang='lat' dir='ltr'>genuinam</span> <span class='ocrx_word' id='word_1_32' title='bbox 1043 574 1270 627; x_wconf 90' lang='lat' dir='ltr'>formam</span> <span class='ocrx_word' id='word_1_33' title='bbox 1317 573 1459 625; x_wconf 89' lang='lat' dir='ltr'>hanc</span> <span class='ocrx_word' id='word_1_34' title='bbox 1506 572 1696 624; x_wconf 84' lang='lat' dir='ltr'>fuisse:</span> <span class='ocrx_word' id='word_1_35' title='bbox 1748 574 1910 635; x_wconf 95' lang='grc' dir='ltr'>λόγος</span> <span class='ocrx_word' id='word_1_36' title='bbox 1947 575 2004 625; x_wconf 80' lang='grc' dir='ltr'>δέ</span> <span class='ocrx_word' id='word_1_37' title='bbox 2045 575 2148 626; x_wconf 80' lang='grc' dir='ltr'>ἐςτι</span> <span class='ocrx_word' id='word_1_38' title='bbox 2187 575 2383 627; x_wconf 80' lang='grc' dir='ltr'>λέξεων</span> 
     </span>
     <span class='ocr_line' id='line_1_5' title="bbox 232 658 2384 727; baseline -0.004 -8"><span class='ocrx_word' id='word_1_39' title='bbox 232 666 462 719; x_wconf 85' lang='grc' dir='ltr'>ςύνθεςις</span> <span class='ocrx_word' id='word_1_40' title='bbox 501 664 743 716; x_wconf 81' lang='grc' dir='ltr'>διάνοιαν</span> <span class='ocrx_word' id='word_1_41' title='bbox 782 662 1042 724; x_wconf 84' lang='grc' dir='ltr'>αὐτοτελῆ</span> <span class='ocrx_word' id='word_1_42' title='bbox 1083 663 1333 724; x_wconf 76' lang='grc' dir='ltr'>δηλοῦςα,</span> <span class='ocrx_word' id='word_1_43' title='bbox 1372 658 1599 727; x_wconf 87' lang='lat' dir='ltr'>probare</span> <span class='ocrx_word' id='word_1_44' title='bbox 1637 661 1858 710; x_wconf 87' lang='lat' dir='ltr'>conatus</span> <span class='ocrx_word' id='word_1_45' title='bbox 1897 678 2014 710; x_wconf 85' lang='lat' dir='ltr'>sum</span> <span class='ocrx_word' id='word_1_46' title='bbox 2053 659 2114 710; x_wconf 92' lang='lat' dir='ltr'>Z.</span> <span class='ocrx_word' id='word_1_47' title='bbox 2154 658 2384 712; x_wconf 73' lang='lat' dir='ltr'>Wicder-</span> 
     </span>
     <span class='ocr_line' id='line_1_6' title="bbox 184 730 2386 816; baseline -0.004 -13"><span class='ocrx_word' id='word_1_48' title='bbox 184 750 537 816; x_wconf 74' lang='lat' dir='ltr'>⁵herstezlun9</span> <span class='ocrx_word' id='word_1_49' title='bbox 574 766 607 816; x_wconf 87' lang='lat' dir='ltr'>p</span> <span class='ocrx_word' id='word_1_50' title='bbox 637 749 704 800; x_wconf 84' lang='lat'>74</span> <span class='ocrx_word' id='word_1_51' title='bbox 738 749 791 798; x_wconf 71' lang='lat' dir='ltr'>et</span> <span class='ocrx_word' id='word_1_52' title='bbox 818 747 902 798; x_wconf 82' lang='lat'>75.</span> <span class='ocrx_word' id='word_1_53' title='bbox 945 776 1010 782; x_wconf 88' lang='lat'><em>-</em></span> <span class='ocrx_word' id='word_1_54' title='bbox 1051 730 1303 812; x_wconf 80' lang='lat' dir='ltr'>[D‘ISOR.</span> <span class='ocrx_word' id='word_1_55' title='bbox 1329 742 1422 795; x_wconf 81' lang='lat' dir='ltr'>ET</span> <span class='ocrx_word' id='word_1_56' title='bbox 1460 741 1767 812; x_wconf 66' lang='lat' dir='ltr'>TESTIM]</span> <span class='ocrx_word' id='word_1_57' title='bbox 1833 742 1912 794; x_wconf 79' lang='lat' dir='ltr'>De</span> <span class='ocrx_word' id='word_1_58' title='bbox 1951 762 2012 794; x_wconf 76' lang='lat' dir='ltr'>ea</span> <span class='ocrx_word' id='word_1_59' title='bbox 2049 746 2386 813; x_wconf 67' lang='lat' dir='ltr'>cognatione,</span> 
     </span>
     <span class='ocr_line' id='line_1_7' title="bbox 229 828 2387 903; baseline -0.004 -17"><span class='ocrx_word' id='word_1_60' title='bbox 229 852 333 903; x_wconf 88' lang='lat' dir='ltr'>qua</span> <span class='ocrx_word' id='word_1_61' title='bbox 381 834 585 885; x_wconf 85' lang='lat' dir='ltr'>codices</span> <span class='ocrx_word' id='word_1_62' title='bbox 633 832 761 884; x_wconf 86' lang='lat' dir='ltr'>artis</span> <span class='ocrx_word' id='word_1_63' title='bbox 809 829 1096 882; x_wconf 88' lang='lat' dir='ltr'>deteriores</span> <span class='ocrx_word' id='word_1_64' title='bbox 1144 846 1264 880; x_wconf 93' lang='lat' dir='ltr'>cum</span> <span class='ocrx_word' id='word_1_65' title='bbox 1303 828 1606 880; x_wconf 87' lang='lat' dir='ltr'>erotematis</span> <span class='ocrx_word' id='word_1_66' title='bbox 1646 828 1713 880; x_wconf 88' lang='lat' dir='ltr'>ab</span> <span class='ocrx_word' id='word_1_67' title='bbox 1753 828 2102 896; x_wconf 83' lang='lat' dir='ltr'>Moschopulo</span> <span class='ocrx_word' id='word_1_68' title='bbox 2141 829 2387 880; x_wconf 84' lang='lat' dir='ltr'>correctis</span> 
     </span>
     <span class='ocr_line' id='line_1_8' title="bbox 231 912 2388 989; baseline -0.003 -18"><span class='ocrx_word' id='word_1_69' title='bbox 231 920 358 989; x_wconf 75' lang='lat' dir='ltr'>(Eb)</span> <span class='ocrx_word' id='word_1_70' title='bbox 400 917 671 970; x_wconf 88' lang='lat' dir='ltr'>coniuncti</span> <span class='ocrx_word' id='word_1_71' title='bbox 709 917 849 982; x_wconf 84' lang='lat' dir='ltr'>sunt,</span> <span class='ocrx_word' id='word_1_72' title='bbox 889 913 996 965; x_wconf 86' lang='lat' dir='ltr'>dixi</span> <span class='ocrx_word' id='word_1_73' title='bbox 1022 912 1187 980; x_wconf 88' lang='lat' dir='ltr'>praef.</span> <span class='ocrx_word' id='word_1_74' title='bbox 1217 912 1424 964; x_wconf 92' lang='lat' dir='ltr'>XXXII</span> <span class='ocrx_word' id='word_1_75' title='bbox 1456 915 1535 965; x_wconf 89' lang='lat'>11.</span> <span class='ocrx_word' id='word_1_76' title='bbox 1570 912 1647 964; x_wconf 86' lang='lat'>19.</span> <span class='ocrx_word' id='word_1_77' title='bbox 1687 912 1923 964; x_wconf 90' lang='lat' dir='ltr'>XXXIII</span> <span class='ocrx_word' id='word_1_78' title='bbox 1952 914 2041 980; x_wconf 81' lang='lat'>143</span> <span class='ocrx_word' id='word_1_79' title='bbox 2082 931 2213 974; x_wconf 86' lang='lat' dir='ltr'>eam,</span> <span class='ocrx_word' id='word_1_80' title='bbox 2254 931 2388 982; x_wconf 89' lang='lat' dir='ltr'>quae</span> 
     </span>
     <span class='ocr_line' id='line_1_9' title="bbox 229 997 2389 1071; baseline -0.003 -15"><span class='ocrx_word' id='word_1_81' title='bbox 229 1003 460 1056; x_wconf 87' lang='lat' dir='ltr'>conectit</span> <span class='ocrx_word' id='word_1_82' title='bbox 498 1004 784 1071; x_wconf 87' lang='lat' dir='ltr'>epitomam</span> <span class='ocrx_word' id='word_1_83' title='bbox 823 1017 942 1051; x_wconf 92' lang='lat' dir='ltr'>cum</span> <span class='ocrx_word' id='word_1_84' title='bbox 975 998 1069 1061; x_wconf 50' lang='grc' dir='ltr'>Εἰ),</span> <span class='ocrx_word' id='word_1_85' title='bbox 1110 998 1263 1068; x_wconf 83' lang='lat' dir='ltr'>tetigi</span> <span class='ocrx_word' id='word_1_86' title='bbox 1299 1017 1333 1066; x_wconf 89' lang='lat' dir='ltr'><strong>p</strong></span> <span class='ocrx_word' id='word_1_87' title='bbox 1361 997 1482 1049; x_wconf 85' lang='lat' dir='ltr'>XLI</span> <span class='ocrx_word' id='word_1_88' title='bbox 1508 998 1570 1049; x_wconf 85' lang='grc'>21</span> <span class='ocrx_word' id='word_1_89' title='bbox 1604 999 1847 1066; x_wconf 87' lang='lat' dir='ltr'>Append.</span> <span class='ocrx_word' id='word_1_90' title='bbox 1876 998 2004 1050; x_wconf 85' lang='lat' dir='ltr'>artis</span> <span class='ocrx_word' id='word_1_91' title='bbox 2036 998 2389 1065; x_wconf 85' lang='lat' dir='ltr'>Dionysianae</span> 
     </span>
     <span class='ocr_line' id='line_1_10' title="bbox 229 1083 2390 1158; baseline -0.002 -18"><span class='ocrx_word' id='word_1_92' title='bbox 229 1108 264 1158; x_wconf 88' lang='lat' dir='ltr'>p</span> <span class='ocrx_word' id='word_1_93' title='bbox 295 1088 397 1149; x_wconf 89' lang='lat' dir='ltr'>IX;</span> <span class='ocrx_word' id='word_1_94' title='bbox 448 1105 580 1156; x_wconf 88' lang='lat' dir='ltr'>quae</span> <span class='ocrx_word' id='word_1_95' title='bbox 618 1086 757 1138; x_wconf 89' lang='lat' dir='ltr'>ratio</span> <span class='ocrx_word' id='word_1_96' title='bbox 796 1085 935 1136; x_wconf 88' lang='lat' dir='ltr'>inter</span> <span class='ocrx_word' id='word_1_97' title='bbox 973 1083 1052 1134; x_wconf 52' lang='grc' dir='ltr'>ΕΒ</span> <span class='ocrx_word' id='word_1_98' title='bbox 1093 1087 1146 1134; x_wconf 86' lang='lat' dir='ltr'>et</span> <span class='ocrx_word' id='word_1_99' title='bbox 1190 1086 1483 1135; x_wconf 89' lang='lat' dir='ltr'>erotemata</span> <span class='ocrx_word' id='word_1_100' title='bbox 1519 1083 1887 1152; x_wconf 86' lang='lat' dir='ltr'>Tubingensia</span> <span class='ocrx_word' id='word_1_101' title='bbox 1927 1083 2041 1153; x_wconf 53' lang='lat' dir='ltr'>(Et)</span> <span class='ocrx_word' id='word_1_102' title='bbox 2081 1084 2390 1147; x_wconf 72' lang='lat' dir='ltr'>intercedat,</span> 
     </span>
     <span class='ocr_line' id='line_1_11' title="bbox 170 1166 2393 1240; baseline -0.003 -14"><span class='ocrx_word' id='word_1_103' title='bbox 170 1188 209 1219; x_wconf 93' lang='lat'>10</span> <span class='ocrx_word' id='word_1_104' title='bbox 231 1173 431 1226; x_wconf 90' lang='lat' dir='ltr'>indicat</span> <span class='ocrx_word' id='word_1_105' title='bbox 458 1169 782 1240; x_wconf 86' lang='lat' dir='ltr'>Appendicis</span> <span class='ocrx_word' id='word_1_106' title='bbox 809 1188 843 1237; x_wconf 99' lang='grc' dir='ltr'><strong><em>Ρ</em></strong></span> <span class='ocrx_word' id='word_1_107' title='bbox 868 1166 963 1220; x_wconf 90' lang='lat' dir='ltr'>XI.</span> <span class='ocrx_word' id='word_1_108' title='bbox 1006 1200 1066 1205; x_wconf 93' lang='lat'>—</span> <span class='ocrx_word' id='word_1_109' title='bbox 1109 1167 1466 1237; x_wconf 81' lang='lat' dir='ltr'>Syngelum</span> <span class='ocrx_word' id='word_1_110' title='bbox 1503 1169 1561 1220; x_wconf 93' lang='lat' dir='ltr'>in</span> <span class='ocrx_word' id='word_1_111' title='bbox 1588 1168 1936 1221; x_wconf 76' lang='lat' dir='ltr'>adnotatione</span> <span class='ocrx_word' id='word_1_112' title='bbox 1963 1169 2027 1221; x_wconf 89' lang='lat' dir='ltr'>ad</span> <span class='ocrx_word' id='word_1_113' title='bbox 2055 1170 2104 1220; x_wconf 89' lang='lat' dir='ltr'>h.</span> <span class='ocrx_word' id='word_1_114' title='bbox 2126 1170 2158 1220; x_wconf 89' lang='lat' dir='ltr'>l.</span> <span class='ocrx_word' id='word_1_115' title='bbox 2187 1170 2393 1221; x_wconf 92' lang='lat' dir='ltr'>incuria</span> 
     </span>
     <span class='ocr_line' id='line_1_12' title="bbox 230 1252 2392 1325; baseline -0.002 -15"><span class='ocrx_word' id='word_1_116' title='bbox 230 1257 502 1310; x_wconf 86' lang='lat' dir='ltr'>nominavi</span> <span class='ocrx_word' id='word_1_117' title='bbox 529 1274 685 1325; x_wconf 91' lang='lat' dir='ltr'>quem</span> <span class='ocrx_word' id='word_1_118' title='bbox 712 1253 949 1306; x_wconf 87' lang='lat' dir='ltr'>solebam</span> <span class='ocrx_word' id='word_1_119' title='bbox 972 1252 1288 1321; x_wconf 86' lang='lat' dir='ltr'>Syncellum.</span> <span class='ocrx_word' id='word_1_120' title='bbox 1336 1256 1570 1306; x_wconf 89' lang='lat' dir='ltr'>ceterum</span> <span class='ocrx_word' id='word_1_121' title='bbox 1592 1254 1961 1323; x_wconf 83' lang='lat' dir='ltr'>vulgatissima</span> <span class='ocrx_word' id='word_1_122' title='bbox 1988 1257 2068 1306; x_wconf 88' lang='lat' dir='ltr'>est</span> <span class='ocrx_word' id='word_1_123' title='bbox 2088 1254 2392 1323; x_wconf 83' lang='lat' dir='ltr'>depravatio</span> 
     </span>
     <span class='ocr_line' id='line_1_13' title="bbox 235 1338 2392 1409; baseline -0.003 -13"><span class='ocrx_word' id='word_1_124' title='bbox 235 1342 490 1408; x_wconf 76' lang='lat' dir='ltr'>nomime,</span> <span class='ocrx_word' id='word_1_125' title='bbox 541 1359 645 1409; x_wconf 88' lang='lat' dir='ltr'>qua</span> <span class='ocrx_word' id='word_1_126' title='bbox 682 1340 914 1402; x_wconf 83' lang='grc' dir='ltr'>ἀγγέλου</span> <span class='ocrx_word' id='word_1_127' title='bbox 952 1340 1073 1394; x_wconf 88' lang='lat' dir='ltr'>voci</span> <span class='ocrx_word' id='word_1_128' title='bbox 1110 1339 1281 1391; x_wconf 89' lang='lat' dir='ltr'>simile</span> <span class='ocrx_word' id='word_1_129' title='bbox 1318 1338 1518 1390; x_wconf 86' lang='lat' dir='ltr'>factum</span> <span class='ocrx_word' id='word_1_130' title='bbox 1556 1341 1660 1391; x_wconf 91' lang='lat' dir='ltr'>est:</span> <span class='ocrx_word' id='word_1_131' title='bbox 1711 1340 1870 1392; x_wconf 84' lang='lat' dir='ltr'>etiam</span> <span class='ocrx_word' id='word_1_132' title='bbox 1912 1339 2094 1393; x_wconf 84' lang='lat' dir='ltr'>Const.</span> <span class='ocrx_word' id='word_1_133' title='bbox 2123 1339 2392 1392; x_wconf 86' lang='lat' dir='ltr'>Lascarim</span> 
     </span>
     <span class='ocr_line' id='line_1_14' title="bbox 232 1423 2301 1494; baseline -0.001 -13"><span class='ocrx_word' id='word_1_134' title='bbox 232 1429 333 1481; x_wconf 90' lang='lat' dir='ltr'>hac</span> <span class='ocrx_word' id='word_1_135' title='bbox 368 1427 543 1480; x_wconf 89' lang='lat' dir='ltr'>forma</span> <span class='ocrx_word' id='word_1_136' title='bbox 581 1443 736 1477; x_wconf 87' lang='lat' dir='ltr'>usum</span> <span class='ocrx_word' id='word_1_137' title='bbox 773 1444 887 1479; x_wconf 89' lang='lat' dir='ltr'>esse</span> <span class='ocrx_word' id='word_1_138' title='bbox 928 1425 1178 1477; x_wconf 81' lang='lat' dir='ltr'>discimus</span> <span class='ocrx_word' id='word_1_139' title='bbox 1217 1442 1280 1475; x_wconf 91' lang='lat' dir='ltr'>ex</span> <span class='ocrx_word' id='word_1_140' title='bbox 1317 1423 1498 1476; x_wconf 87' lang='lat' dir='ltr'>Iriarti</span> <span class='ocrx_word' id='word_1_141' title='bbox 1537 1427 1636 1476; x_wconf 89' lang='lat' dir='ltr'>cat.</span> <span class='ocrx_word' id='word_1_142' title='bbox 1678 1425 1828 1477; x_wconf 92' lang='lat' dir='ltr'>codd.</span> <span class='ocrx_word' id='word_1_143' title='bbox 1873 1425 2070 1478; x_wconf 86' lang='lat' dir='ltr'>Matrit.</span> <span class='ocrx_word' id='word_1_144' title='bbox 2108 1445 2143 1494; x_wconf 90' lang='lat' dir='ltr'>p</span> <span class='ocrx_word' id='word_1_145' title='bbox 2185 1425 2301 1478; x_wconf 88' lang='grc'><strong>189.</strong></span> 
     </span>
    </p>
   </div>
   <div class='ocr_carea' id='block_1_3' title="bbox 173 1594 2411 3107">
    <p class='ocr_par' dir='ltr' id='par_1_3' title="bbox 173 1594 2411 3107">
     <span class='ocr_line' id='line_1_15' title="bbox 378 1594 2395 1664; baseline -0.001 -15"><span class='ocrx_word' id='word_1_146' title='bbox 378 1598 441 1650; x_wconf 90' lang='lat' dir='ltr'>ad</span> <span class='ocrx_word' id='word_1_147' title='bbox 482 1596 576 1664; x_wconf 82' lang='grc'>23,</span> <span class='ocrx_word' id='word_1_148' title='bbox 604 1596 767 1649; x_wconf 85' lang='grc'>2-3.</span> <span class='ocrx_word' id='word_1_149' title='bbox 829 1597 861 1660; x_wconf 84' lang='grc' dir='ltr'>ἡ</span> <span class='ocrx_word' id='word_1_150' title='bbox 887 1598 989 1661; x_wconf 86' lang='grc' dir='ltr'>γὰρ</span> <span class='ocrx_word' id='word_1_151' title='bbox 1015 1595 1344 1660; x_wconf 87' lang='grc' dir='ltr'>προςηγορία</span> <span class='ocrx_word' id='word_1_152' title='bbox 1373 1595 1447 1647; x_wconf 82' lang='grc' dir='ltr'>ὡς</span> <span class='ocrx_word' id='word_1_153' title='bbox 1482 1594 1628 1647; x_wconf 78' lang='grc' dir='ltr'>εἶδος</span> <span class='ocrx_word' id='word_1_154' title='bbox 1664 1601 1740 1664; x_wconf 83' lang='grc' dir='ltr'>τῷ</span> <span class='ocrx_word' id='word_1_155' title='bbox 1769 1594 1989 1660; x_wconf 88' lang='grc' dir='ltr'>ὀνόματι</span> <span class='ocrx_word' id='word_1_156' title='bbox 2015 1595 2395 1663; x_wconf 84' lang='grc' dir='ltr'>ὑποβέβληται]</span> 
     </span>
     <span class='ocr_line' id='line_1_16' title="bbox 173 1680 2396 1750; baseline -0.002 -13"><span class='ocrx_word' id='word_1_157' title='bbox 173 1696 215 1727; x_wconf 84' lang='lat'>15</span> <span class='ocrx_word' id='word_1_158' title='bbox 239 1681 278 1738; x_wconf 97' lang='lat' dir='ltr'>S</span> <span class='ocrx_word' id='word_1_159' title='bbox 317 1684 375 1735; x_wconf 91' lang='lat' dir='ltr'>in</span> <span class='ocrx_word' id='word_1_160' title='bbox 412 1685 634 1750; x_wconf 91' lang='lat' dir='ltr'>utroque</span> <span class='ocrx_word' id='word_1_161' title='bbox 674 1681 961 1749; x_wconf 87' lang='lat' dir='ltr'>exemplari</span> <span class='ocrx_word' id='word_1_162' title='bbox 990 1680 1183 1733; x_wconf 74' lang='lat' dir='ltr'>Graeci</span> <span class='ocrx_word' id='word_1_163' title='bbox 1218 1697 1336 1732; x_wconf 77' lang='lat' dir='ltr'>vero</span> <span class='ocrx_word' id='word_1_164' title='bbox 1373 1683 1433 1731; x_wconf 77' lang='lat' dir='ltr'>ut</span> <span class='ocrx_word' id='word_1_165' title='bbox 1468 1680 1634 1744; x_wconf 74' lang='lat' dir='ltr'>aiunt,</span> <span class='ocrx_word' id='word_1_166' title='bbox 1674 1683 1948 1747; x_wconf 74' lang='lat' dir='ltr'>tamquam</span> <span class='ocrx_word' id='word_1_167' title='bbox 1983 1682 2171 1748; x_wconf 79' lang='lat' dir='ltr'>species</span> <span class='ocrx_word' id='word_1_168' title='bbox 2208 1684 2280 1733; x_wconf 77' lang='lat' dir='ltr'>est</span> <span class='ocrx_word' id='word_1_169' title='bbox 2302 1680 2396 1732; x_wconf 74' lang='lat' dir='ltr'>sub</span> 
     </span>
     <span class='ocr_line' id='line_1_17' title="bbox 234 1763 2398 1835; baseline -0.003 -13"><span class='ocrx_word' id='word_1_170' title='bbox 234 1770 459 1822; x_wconf 72' lang='lat' dir='ltr'>nomine.</span> <span class='ocrx_word' id='word_1_171' title='bbox 525 1767 670 1818; x_wconf 85' lang='lat' dir='ltr'>deest</span> <span class='ocrx_word' id='word_1_172' title='bbox 706 1766 874 1835; x_wconf 87' lang='lat' dir='ltr'>igitur</span> <span class='ocrx_word' id='word_1_173' title='bbox 910 1765 1240 1830; x_wconf 87' lang='grc' dir='ltr'>προςηγορία</span> <span class='ocrx_word' id='word_1_174' title='bbox 1278 1763 1422 1816; x_wconf 84' lang='lat' dir='ltr'>vocis</span> <span class='ocrx_word' id='word_1_175' title='bbox 1460 1764 1852 1832; x_wconf 84' lang='lat' dir='ltr'>interpretatio.</span> <span class='ocrx_word' id='word_1_176' title='bbox 1897 1799 1954 1803; x_wconf 89' lang='lat'><strong>—</strong></span> <span class='ocrx_word' id='word_1_177' title='bbox 1998 1766 2253 1835; x_wconf 81' lang='lat' dir='ltr'>Pugnant</span> <span class='ocrx_word' id='word_1_178' title='bbox 2279 1782 2398 1817; x_wconf 86' lang='lat' dir='ltr'>cum</span> 
     </span>
     <span class='ocr_line' id='line_1_18' title="bbox 236 1848 2397 1918; baseline -0.002 -13"><span class='ocrx_word' id='word_1_179' title='bbox 236 1854 319 1906; x_wconf 88' lang='lat' dir='ltr'>his</span> <span class='ocrx_word' id='word_1_180' title='bbox 355 1851 574 1904; x_wconf 86' lang='lat' dir='ltr'>technes</span> <span class='ocrx_word' id='word_1_181' title='bbox 611 1850 787 1903; x_wconf 83' lang='lat' dir='ltr'>verbis</span> <span class='ocrx_word' id='word_1_182' title='bbox 835 1867 968 1918; x_wconf 89' lang='lat' dir='ltr'>quae</span> <span class='ocrx_word' id='word_1_183' title='bbox 1017 1849 1397 1918; x_wconf 86' lang='lat' dir='ltr'>prolegomena</span> <span class='ocrx_word' id='word_1_184' title='bbox 1443 1848 1748 1902; x_wconf 82' lang='lat' dir='ltr'>collectioni</span> <span class='ocrx_word' id='word_1_185' title='bbox 1794 1851 2114 1903; x_wconf 88' lang='lat' dir='ltr'>scholiorum</span> <span class='ocrx_word' id='word_1_186' title='bbox 2153 1852 2208 1902; x_wconf 92' lang='lat' dir='ltr'>in</span> <span class='ocrx_word' id='word_1_187' title='bbox 2249 1849 2397 1902; x_wconf 90' lang='lat' dir='ltr'>Vati-</span> 
     </span>
     <span class='ocr_line' id='line_1_19' title="bbox 237 1933 2400 2004; baseline 0 -13"><span class='ocrx_word' id='word_1_188' title='bbox 237 1955 369 1991; x_wconf 89' lang='lat' dir='ltr'>cano</span> <span class='ocrx_word' id='word_1_189' title='bbox 410 1937 476 1988; x_wconf 90' lang='lat'>14</span> <span class='ocrx_word' id='word_1_190' title='bbox 521 1935 814 2004; x_wconf 85' lang='lat' dir='ltr'>praemissa</span> <span class='ocrx_word' id='word_1_191' title='bbox 861 1934 1065 1986; x_wconf 83' lang='lat' dir='ltr'>duobus</span> <span class='ocrx_word' id='word_1_192' title='bbox 1113 1933 1243 1985; x_wconf 90' lang='lat' dir='ltr'>locis</span> <span class='ocrx_word' id='word_1_193' title='bbox 1290 1936 1534 2001; x_wconf 82' lang='lat' dir='ltr'>narrant,</span> <span class='ocrx_word' id='word_1_194' title='bbox 1582 1933 1658 1985; x_wconf 88' lang='lat' dir='ltr'>fol</span> <span class='ocrx_word' id='word_1_195' title='bbox 1703 1934 1789 1986; x_wconf 82' lang='lat' dir='ltr'>lOv</span> <span class='ocrx_word' id='word_1_196' title='bbox 1829 1938 1969 1989; x_wconf 87' lang='lat' dir='ltr'>extr:</span> <span class='ocrx_word' id='word_1_197' title='bbox 2017 1938 2260 1991; x_wconf 85' lang='grc' dir='ltr'>Θέλουςιν</span> <span class='ocrx_word' id='word_1_198' title='bbox 2301 1937 2400 1990; x_wconf 76' lang='grc' dir='ltr'>οὖν</span> 
     </span>
     <span class='ocr_line' id='line_1_20' title="bbox 237 2020 2403 2089; baseline -0 -12"><span class='ocrx_word' id='word_1_199' title='bbox 237 2041 376 2077; x_wconf 90' lang='grc' dir='ltr'>τινες</span> <span class='ocrx_word' id='word_1_200' title='bbox 415 2024 481 2087; x_wconf 87' lang='grc' dir='ltr'>μὴ</span> <span class='ocrx_word' id='word_1_201' title='bbox 521 2021 659 2074; x_wconf 80' lang='grc' dir='ltr'>εἶναι</span> <span class='ocrx_word' id='word_1_202' title='bbox 695 2022 912 2086; x_wconf 83' lang='grc' dir='ltr'>γνήςιον</span> <span class='ocrx_word' id='word_1_203' title='bbox 950 2023 1048 2072; x_wconf 83' lang='grc' dir='ltr'>τοῦ</span> <span class='ocrx_word' id='word_1_204' title='bbox 1077 2020 1286 2089; x_wconf 87' lang='grc' dir='ltr'>Θρᾳκὸς</span> <span class='ocrx_word' id='word_1_205' title='bbox 1324 2020 1385 2071; x_wconf 89' lang='grc' dir='ltr'>τὸ</span> <span class='ocrx_word' id='word_1_206' title='bbox 1425 2020 1602 2083; x_wconf 89' lang='grc' dir='ltr'>παρὸν</span> <span class='ocrx_word' id='word_1_207' title='bbox 1642 2021 1968 2089; x_wconf 85' lang='grc' dir='ltr'>ςύγγραμμα,</span> <span class='ocrx_word' id='word_1_208' title='bbox 2009 2023 2403 2089; x_wconf 74' lang='grc' dir='ltr'>ἐπιχειροῦντες</span> 
     </span>
     <span class='ocr_line' id='line_1_21' title="bbox 175 2103 2400 2175; baseline -0 -12"><span class='ocrx_word' id='word_1_209' title='bbox 175 2119 217 2151; x_wconf 82' lang='lat'>20</span> <span class='ocrx_word' id='word_1_210' title='bbox 241 2109 443 2174; x_wconf 85' lang='grc' dir='ltr'>οὕτως,</span> <span class='ocrx_word' id='word_1_211' title='bbox 493 2106 574 2158; x_wconf 90' lang='grc' dir='ltr'>ὅτι</span> <span class='ocrx_word' id='word_1_212' title='bbox 622 2106 673 2159; x_wconf 80' lang='grc' dir='ltr'>οἱ</span> <span class='ocrx_word' id='word_1_213' title='bbox 720 2107 952 2171; x_wconf 88' lang='grc' dir='ltr'>τεχνικοὶ</span> <span class='ocrx_word' id='word_1_214' title='bbox 998 2103 1282 2169; x_wconf 88' lang='grc' dir='ltr'>μέμνηνται</span> <span class='ocrx_word' id='word_1_215' title='bbox 1321 2106 1612 2158; x_wconf 83' lang='grc' dir='ltr'>Διονυςίου</span> <span class='ocrx_word' id='word_1_216' title='bbox 1650 2110 1746 2159; x_wconf 84' lang='grc' dir='ltr'>τοῦ</span> <span class='ocrx_word' id='word_1_217' title='bbox 1787 2107 1997 2175; x_wconf 85' lang='grc' dir='ltr'>Θρᾳκὸς</span> <span class='ocrx_word' id='word_1_218' title='bbox 2034 2110 2119 2161; x_wconf 88' lang='grc' dir='ltr'>καὶ</span> <span class='ocrx_word' id='word_1_219' title='bbox 2156 2110 2400 2171; x_wconf 87' lang='grc' dir='ltr'>λέγουςιν</span> 
     </span>
     <span class='ocr_line' id='line_1_22' title="bbox 240 2188 2402 2264; baseline -0.001 -18"><span class='ocrx_word' id='word_1_220' title='bbox 240 2194 321 2247; x_wconf 88' lang='grc' dir='ltr'>ὅτι</span> <span class='ocrx_word' id='word_1_221' title='bbox 368 2193 635 2257; x_wconf 82' lang='grc' dir='ltr'>διεχώριζε</span> <span class='ocrx_word' id='word_1_222' title='bbox 683 2193 780 2255; x_wconf 90' lang='grc' dir='ltr'>τὴν</span> <span class='ocrx_word' id='word_1_223' title='bbox 829 2189 1190 2254; x_wconf 84' lang='grc' dir='ltr'>προςηγορίαν</span> <span class='ocrx_word' id='word_1_224' title='bbox 1238 2188 1346 2241; x_wconf 87' lang='grc' dir='ltr'>ἀπὸ</span> <span class='ocrx_word' id='word_1_225' title='bbox 1394 2193 1490 2242; x_wconf 83' lang='grc' dir='ltr'>τοῦ</span> <span class='ocrx_word' id='word_1_226' title='bbox 1540 2189 1809 2256; x_wconf 87' lang='grc' dir='ltr'>ὀνόματος</span> <span class='ocrx_word' id='word_1_227' title='bbox 1858 2193 1940 2244; x_wconf 89' lang='grc' dir='ltr'>καὶ</span> <span class='ocrx_word' id='word_1_228' title='bbox 1988 2197 2218 2258; x_wconf 86' lang='grc' dir='ltr'>ςυνῆπτε</span> <span class='ocrx_word' id='word_1_229' title='bbox 2258 2193 2402 2264; x_wconf 86' lang='lat' dir='ltr'>(cod.</span> 
     </span>
     <span class='ocr_line' id='line_1_23' title="bbox 241 2273 2403 2347; baseline -0.001 -15"><span class='ocrx_word' id='word_1_230' title='bbox 241 2276 518 2346; x_wconf 82' lang='grc' dir='ltr'>ςυνῆπται)</span> <span class='ocrx_word' id='word_1_231' title='bbox 564 2278 625 2328; x_wconf 86' lang='grc' dir='ltr'>τὸ</span> <span class='ocrx_word' id='word_1_232' title='bbox 675 2275 877 2340; x_wconf 80' lang='grc' dir='ltr'>ἄρθρον</span> <span class='ocrx_word' id='word_1_233' title='bbox 924 2276 1006 2327; x_wconf 85' lang='grc' dir='ltr'>καὶ</span> <span class='ocrx_word' id='word_1_234' title='bbox 1051 2276 1146 2339; x_wconf 88' lang='grc' dir='ltr'>τὴν</span> <span class='ocrx_word' id='word_1_235' title='bbox 1195 2273 1533 2338; x_wconf 88' lang='grc' dir='ltr'>ἀντωνυμίαν</span> <span class='ocrx_word' id='word_1_236' title='bbox 1572 2273 1704 2345; x_wconf 86' lang='lat' dir='ltr'>(BA</span> <span class='ocrx_word' id='word_1_237' title='bbox 1744 2275 2036 2347; x_wconf 56' lang='lat' dir='ltr'>(imm—¹5),</span> <span class='ocrx_word' id='word_1_238' title='bbox 2085 2282 2139 2330; x_wconf 89' lang='lat' dir='ltr'>et</span> <span class='ocrx_word' id='word_1_239' title='bbox 2174 2277 2251 2329; x_wconf 87' lang='lat' dir='ltr'>fol</span> <span class='ocrx_word' id='word_1_240' title='bbox 2290 2278 2403 2330; x_wconf 71' lang='lat' dir='ltr'>31r:</span> 
     </span>
     <span class='ocr_line' id='line_1_24' title="bbox 245 2359 2404 2434; baseline -0 -17"><span class='ocrx_word' id='word_1_241' title='bbox 245 2364 365 2428; x_wconf 87' lang='grc' dir='ltr'>περὶ</span> <span class='ocrx_word' id='word_1_242' title='bbox 402 2366 498 2414; x_wconf 82' lang='grc' dir='ltr'>τοῦ</span> <span class='ocrx_word' id='word_1_243' title='bbox 538 2360 673 2414; x_wconf 79' lang='grc' dir='ltr'>εἶναι</span> <span class='ocrx_word' id='word_1_244' title='bbox 698 2361 914 2424; x_wconf 90' lang='grc' dir='ltr'>γνήςιον</span> <span class='ocrx_word' id='word_1_245' title='bbox 942 2361 1003 2411; x_wconf 90' lang='grc' dir='ltr'>τὸ</span> <span class='ocrx_word' id='word_1_246' title='bbox 1031 2360 1207 2424; x_wconf 90' lang='grc' dir='ltr'>παρὸν</span> <span class='ocrx_word' id='word_1_247' title='bbox 1239 2359 1544 2425; x_wconf 89' lang='grc' dir='ltr'>ςύγγραμμα</span> <span class='ocrx_word' id='word_1_248' title='bbox 1569 2360 1859 2414; x_wconf 88' lang='grc' dir='ltr'>Διονυςίου</span> <span class='ocrx_word' id='word_1_249' title='bbox 1886 2367 1983 2416; x_wconf 82' lang='grc' dir='ltr'>τοῦ</span> <span class='ocrx_word' id='word_1_250' title='bbox 2011 2364 2221 2434; x_wconf 85' lang='grc' dir='ltr'>Θρᾳκὸς</span> <span class='ocrx_word' id='word_1_251' title='bbox 2247 2365 2404 2430; x_wconf 79' lang='grc' dir='ltr'>ἠμφι-</span> 
     </span>
     <span class='ocr_line' id='line_1_25' title="bbox 243 2443 2404 2515; baseline -0.002 -14"><span class='ocrx_word' id='word_1_252' title='bbox 243 2449 500 2515; x_wconf 85' lang='grc' dir='ltr'>ςβήτηται.</span> <span class='ocrx_word' id='word_1_253' title='bbox 542 2445 883 2510; x_wconf 84' lang='grc' dir='ltr'>έπεχείρηςαν</span> <span class='ocrx_word' id='word_1_254' title='bbox 908 2444 1010 2510; x_wconf 91' lang='grc' dir='ltr'>γάρ</span> <span class='ocrx_word' id='word_1_255' title='bbox 1035 2461 1174 2497; x_wconf 89' lang='grc' dir='ltr'>τινες</span> <span class='ocrx_word' id='word_1_256' title='bbox 1202 2443 1377 2496; x_wconf 85' lang='grc' dir='ltr'>οὕτως</span> <span class='ocrx_word' id='word_1_257' title='bbox 1404 2445 1662 2514; x_wconf 82' lang='grc' dir='ltr'>εἰπόντες,</span> <span class='ocrx_word' id='word_1_258' title='bbox 1703 2446 1777 2499; x_wconf 82' lang='grc' dir='ltr'>ὡς</span> <span class='ocrx_word' id='word_1_259' title='bbox 1806 2446 1855 2499; x_wconf 79' lang='grc' dir='ltr'>οἱ</span> <span class='ocrx_word' id='word_1_260' title='bbox 1880 2451 2110 2513; x_wconf 86' lang='grc' dir='ltr'>τεχνικοὶ</span> <span class='ocrx_word' id='word_1_261' title='bbox 2148 2488 2404 2503; x_wconf 91' lang='grc'><strong>.......</strong></span> 
     </span>
     <span class='ocr_line' id='line_1_26' title="bbox 179 2529 2408 2601; baseline 0.001 -17"><span class='ocrx_word' id='word_1_262' title='bbox 179 2543 222 2576; x_wconf 82' lang='lat'>25</span> <span class='ocrx_word' id='word_1_263' title='bbox 245 2532 408 2601; x_wconf 88' lang='lat' dir='ltr'>(sicut</span> <span class='ocrx_word' id='word_1_264' title='bbox 445 2530 612 2582; x_wconf 84' lang='lat' dir='ltr'>altero</span> <span class='ocrx_word' id='word_1_265' title='bbox 651 2529 795 2601; x_wconf 90' lang='lat' dir='ltr'>loco)</span> <span class='ocrx_word' id='word_1_266' title='bbox 838 2568 1007 2583; x_wconf 88' lang='grc'><strong>.....</strong></span> <span class='ocrx_word' id='word_1_267' title='bbox 1048 2529 1413 2594; x_wconf 84' lang='grc' dir='ltr'>προςηγορίαν</span> <span class='ocrx_word' id='word_1_268' title='bbox 1463 2531 1667 2584; x_wconf 80' lang='grc' dir='ltr'>ἐκεῖνος</span> <span class='ocrx_word' id='word_1_269' title='bbox 1713 2531 1822 2585; x_wconf 88' lang='grc' dir='ltr'>ἀπὸ</span> <span class='ocrx_word' id='word_1_270' title='bbox 1868 2538 1964 2585; x_wconf 84' lang='grc' dir='ltr'>τοῦ</span> <span class='ocrx_word' id='word_1_271' title='bbox 2015 2534 2283 2600; x_wconf 89' lang='grc' dir='ltr'>ὀνόματος</span> <span class='ocrx_word' id='word_1_272' title='bbox 2323 2535 2408 2586; x_wconf 83' lang='grc' dir='ltr'>καὶ</span> 
     </span>
     <span class='ocr_line' id='line_1_27' title="bbox 245 2612 2408 2685; baseline 0 -14"><span class='ocrx_word' id='word_1_273' title='bbox 245 2621 471 2682; x_wconf 83' lang='grc' dir='ltr'>ςυνῆπτε</span> <span class='ocrx_word' id='word_1_274' title='bbox 498 2613 635 2685; x_wconf 86' lang='lat' dir='ltr'>(cod.</span> <span class='ocrx_word' id='word_1_275' title='bbox 660 2615 937 2679; x_wconf 87' lang='grc' dir='ltr'>ςυνῆπται)</span> <span class='ocrx_word' id='word_1_276' title='bbox 966 2618 1040 2679; x_wconf 81' lang='grc' dir='ltr'>τῷ</span> <span class='ocrx_word' id='word_1_277' title='bbox 1069 2612 1249 2681; x_wconf 85' lang='grc' dir='ltr'>ἄρθρῳ</span> <span class='ocrx_word' id='word_1_278' title='bbox 1277 2616 1374 2679; x_wconf 87' lang='grc' dir='ltr'>τὴν</span> <span class='ocrx_word' id='word_1_279' title='bbox 1402 2615 1756 2681; x_wconf 81' lang='grc' dir='ltr'>ἀντωνυμίαν.</span> <span class='ocrx_word' id='word_1_280' title='bbox 1809 2617 1839 2670; x_wconf 86' lang='grc' dir='ltr'>ὁ</span> <span class='ocrx_word' id='word_1_281' title='bbox 1868 2619 1926 2671; x_wconf 80' lang='grc' dir='ltr'>δὲ</span> <span class='ocrx_word' id='word_1_282' title='bbox 1952 2621 2142 2684; x_wconf 85' lang='grc' dir='ltr'>παρὼν</span> <span class='ocrx_word' id='word_1_283' title='bbox 2168 2620 2408 2684; x_wconf 88' lang='grc' dir='ltr'>τεχνικὸς</span> 
     </span>
     <span class='ocr_line' id='line_1_28' title="bbox 244 2698 2408 2771; baseline 0.001 -16"><span class='ocrx_word' id='word_1_284' title='bbox 244 2705 338 2768; x_wconf 89' lang='grc' dir='ltr'>τὴν</span> <span class='ocrx_word' id='word_1_285' title='bbox 377 2701 738 2767; x_wconf 86' lang='grc' dir='ltr'>προςηγορίαν</span> <span class='ocrx_word' id='word_1_286' title='bbox 777 2700 860 2752; x_wconf 85' lang='grc' dir='ltr'>καὶ</span> <span class='ocrx_word' id='word_1_287' title='bbox 897 2700 959 2751; x_wconf 88' lang='grc' dir='ltr'>τὸ</span> <span class='ocrx_word' id='word_1_288' title='bbox 1000 2698 1174 2762; x_wconf 91' lang='grc' dir='ltr'>ὄνομα</span> <span class='ocrx_word' id='word_1_289' title='bbox 1211 2700 1271 2752; x_wconf 77' lang='grc' dir='ltr'>ἓν</span> <span class='ocrx_word' id='word_1_290' title='bbox 1310 2700 1472 2764; x_wconf 89' lang='grc' dir='ltr'>μέρος</span> <span class='ocrx_word' id='word_1_291' title='bbox 1511 2701 1679 2763; x_wconf 88' lang='grc' dir='ltr'>λόγου</span> <span class='ocrx_word' id='word_1_292' title='bbox 1721 2701 1887 2771; x_wconf 81' lang='grc' dir='ltr'>οἶδεν,</span> <span class='ocrx_word' id='word_1_293' title='bbox 1927 2705 1985 2757; x_wconf 82' lang='grc' dir='ltr'>έν</span> <span class='ocrx_word' id='word_1_294' title='bbox 2027 2705 2107 2757; x_wconf 80' lang='grc' dir='ltr'>οἷς</span> <span class='ocrx_word' id='word_1_295' title='bbox 2144 2723 2304 2770; x_wconf 91' lang='grc' dir='ltr'>φηςιν</span> <span class='ocrx_word' id='word_1_296' title='bbox 2347 2704 2408 2767; x_wconf 82' lang='grc' dir='ltr'>«ἡ</span> 
     </span>
     <span class='ocr_line' id='line_1_29' title="bbox 245 2782 2411 2859; baseline 0 -19"><span class='ocrx_word' id='word_1_297' title='bbox 245 2789 347 2852; x_wconf 88' lang='grc' dir='ltr'>γὰρ</span> <span class='ocrx_word' id='word_1_298' title='bbox 385 2784 714 2851; x_wconf 88' lang='grc' dir='ltr'>προςηγορία</span> <span class='ocrx_word' id='word_1_299' title='bbox 752 2784 825 2836; x_wconf 80' lang='grc' dir='ltr'>ὡς</span> <span class='ocrx_word' id='word_1_300' title='bbox 865 2783 1010 2837; x_wconf 78' lang='grc' dir='ltr'>εἶδος</span> <span class='ocrx_word' id='word_1_301' title='bbox 1048 2787 1124 2851; x_wconf 78' lang='grc' dir='ltr'>τῷ</span> <span class='ocrx_word' id='word_1_302' title='bbox 1156 2782 1378 2849; x_wconf 88' lang='grc' dir='ltr'>ὀνόματι</span> <span class='ocrx_word' id='word_1_303' title='bbox 1418 2785 1800 2852; x_wconf 83' lang='grc' dir='ltr'>ὑποβέβληται»</span> <span class='ocrx_word' id='word_1_304' title='bbox 1842 2787 2114 2855; x_wconf 76' lang='lat' dir='ltr'>(cod.1‘mo</span> <span class='ocrx_word' id='word_1_305' title='bbox 2142 2788 2268 2859; x_wconf 82' lang='lat' dir='ltr'>om).</span> <span class='ocrx_word' id='word_1_306' title='bbox 2327 2791 2411 2841; x_wconf 83' lang='grc' dir='ltr'>καὶ</span> 
     </span>
     <span class='ocr_line' id='line_1_30' title="bbox 246 2869 2409 2942; baseline 0 -18"><span class='ocrx_word' id='word_1_307' title='bbox 246 2873 308 2924; x_wconf 92' lang='grc' dir='ltr'>τὸ</span> <span class='ocrx_word' id='word_1_308' title='bbox 347 2870 548 2936; x_wconf 88' lang='grc' dir='ltr'>ἄρθρον</span> <span class='ocrx_word' id='word_1_309' title='bbox 589 2871 673 2922; x_wconf 83' lang='grc' dir='ltr'>καὶ</span> <span class='ocrx_word' id='word_1_310' title='bbox 709 2871 804 2934; x_wconf 86' lang='grc' dir='ltr'>τὴν</span> <span class='ocrx_word' id='word_1_311' title='bbox 845 2869 1186 2934; x_wconf 84' lang='grc' dir='ltr'>ἀντωνυμίαν</span> <span class='ocrx_word' id='word_1_312' title='bbox 1225 2869 1324 2921; x_wconf 78' lang='grc' dir='ltr'>δύο</span> <span class='ocrx_word' id='word_1_313' title='bbox 1365 2870 1493 2935; x_wconf 89' lang='grc' dir='ltr'>μέρη</span> <span class='ocrx_word' id='word_1_314' title='bbox 1532 2871 1774 2932; x_wconf 84' lang='grc' dir='ltr'>γινώςκει</span> <span class='ocrx_word' id='word_1_315' title='bbox 1808 2873 1889 2924; x_wconf 90' lang='grc' dir='ltr'>καὶ</span> <span class='ocrx_word' id='word_1_316' title='bbox 1916 2873 2034 2938; x_wconf 83' lang='grc' dir='ltr'>οὐχὶ</span> <span class='ocrx_word' id='word_1_317' title='bbox 2062 2874 2120 2927; x_wconf 81' lang='grc' dir='ltr'>ἕν</span> <span class='ocrx_word' id='word_1_318' title='bbox 2156 2876 2409 2942; x_wconf 87' lang='lat' dir='ltr'>(quorum</span> 
     </span>
     <span class='ocr_line' id='line_1_31' title="bbox 185 2952 2409 3025; baseline 0.001 -18"><span class='ocrx_word' id='word_1_319' title='bbox 185 2967 227 2998; x_wconf 84' lang='lat'>30</span> <span class='ocrx_word' id='word_1_320' title='bbox 249 2974 370 3025; x_wconf 88' lang='lat' dir='ltr'>pars</span> <span class='ocrx_word' id='word_1_321' title='bbox 408 2957 616 3006; x_wconf 85' lang='lat' dir='ltr'>tantum</span> <span class='ocrx_word' id='word_1_322' title='bbox 659 2954 801 3006; x_wconf 90' lang='lat' dir='ltr'>edita</span> <span class='ocrx_word' id='word_1_323' title='bbox 839 2953 940 3005; x_wconf 81' lang='lat' dir='ltr'>BA</span> <span class='ocrx_word' id='word_1_324' title='bbox 972 2953 1252 3023; x_wconf 58' lang='lat'>67221—24).</span> <span class='ocrx_word' id='word_1_325' title='bbox 1312 2952 1374 3005; x_wconf 87' lang='lat' dir='ltr'>de</span> <span class='ocrx_word' id='word_1_326' title='bbox 1412 2954 1496 3005; x_wconf 85' lang='lat' dir='ltr'>his</span> <span class='ocrx_word' id='word_1_327' title='bbox 1536 2954 1899 3024; x_wconf 86' lang='lat' dir='ltr'>discrepantiis</span> <span class='ocrx_word' id='word_1_328' title='bbox 1937 2957 2044 3009; x_wconf 87' lang='lat' dir='ltr'>dixi</span> <span class='ocrx_word' id='word_1_329' title='bbox 2083 2958 2144 3010; x_wconf 90' lang='lat' dir='ltr'>Z.</span> <span class='ocrx_word' id='word_1_330' title='bbox 2177 2957 2409 3011; x_wconf 75' lang='lat' dir='ltr'>Wieder-</span> 
     </span>
     <span class='ocr_line' id='line_1_32' title="bbox 248 3039 753 3107; baseline 0 -13"><span class='ocrx_word' id='word_1_331' title='bbox 248 3041 560 3107; x_wconf 71' lang='lat' dir='ltr'>herstelluny</span> <span class='ocrx_word' id='word_1_332' title='bbox 597 3058 631 3107; x_wconf 91' lang='lat' dir='ltr'>p</span> <span class='ocrx_word' id='word_1_333' title='bbox 671 3039 753 3094; x_wconf 80' lang='lat'>83.</span> 
     </span>
    </p>
   </div>
   <div class='ocr_carea' id='block_1_4' title="bbox 250 3205 2410 3360">
    <p class='ocr_par' dir='ltr' id='par_1_4' title="bbox 250 3205 2410 3360">
     <span class='ocr_line' id='line_1_33' title="bbox 393 3205 2410 3285; baseline 0.004 -24"><span class='ocrx_word' id='word_1_334' title='bbox 393 3210 454 3262; x_wconf 89' lang='lat' dir='ltr'>ad</span> <span class='ocrx_word' id='word_1_335' title='bbox 496 3208 591 3276; x_wconf 82' lang='grc'>23,</span> <span class='ocrx_word' id='word_1_336' title='bbox 614 3208 673 3261; x_wconf 85' lang='lat'>3.</span> <span class='ocrx_word' id='word_1_337' title='bbox 746 3225 853 3260; x_wconf 92' lang='lat' dir='ltr'>non</span> <span class='ocrx_word' id='word_1_338' title='bbox 898 3207 1110 3278; x_wconf 84' lang='lat' dir='ltr'>legebat</span> <span class='ocrx_word' id='word_1_339' title='bbox 1159 3205 1197 3263; x_wconf 92' lang='lat' dir='ltr'>S</span> <span class='ocrx_word' id='word_1_340' title='bbox 1237 3207 1657 3263; x_wconf 89' lang='lat' dir='ltr'>additamentum</span> <span class='ocrx_word' id='word_1_341' title='bbox 1706 3211 1946 3268; x_wconf 91' lang='lat' dir='ltr'>codicum</span> <span class='ocrx_word' id='word_1_342' title='bbox 1987 3217 2090 3268; x_wconf 70' lang='grc' dir='ltr'>ΘΒ</span> <span class='ocrx_word' id='word_1_343' title='bbox 2131 3218 2291 3285; x_wconf 90' lang='lat' dir='ltr'>(quod</span> <span class='ocrx_word' id='word_1_344' title='bbox 2332 3215 2410 3269; x_wconf 50' lang='grc' dir='ltr'>Εὖ</span> 
     </span>
     <span class='ocr_line' id='line_1_34' title="bbox 250 3292 1408 3360; baseline -0.002 -13"><span class='ocrx_word' id='word_1_345' title='bbox 250 3295 454 3347; x_wconf 89' lang='lat' dir='ltr'>habent</span> <span class='ocrx_word' id='word_1_346' title='bbox 490 3295 653 3346; x_wconf 91' lang='lat' dir='ltr'>etiam</span> <span class='ocrx_word' id='word_1_347' title='bbox 690 3294 747 3345; x_wconf 95' lang='lat' dir='ltr'>in</span> <span class='ocrx_word' id='word_1_348' title='bbox 786 3292 937 3345; x_wconf 88' lang='lat' dir='ltr'>codd.</span> <span class='ocrx_word' id='word_1_349' title='bbox 977 3293 1408 3360; x_wconf 80' lang='lat' dir='ltr'>Basileensi’ous).</span> 
     </span>
    </p>
   </div>
   <div class='ocr_carea' id='block_1_5' title="bbox 393 3463 2278 3542">
    <p class='ocr_par' dir='ltr' id='par_1_5' title="bbox 393 3463 2278 3542">
     <span class='ocr_line' id='line_1_35' title="bbox 393 3463 2278 3542; baseline 0.005 -26"><span class='ocrx_word' id='word_1_350' title='bbox 393 3465 457 3517; x_wconf 88' lang='lat' dir='ltr'>ad</span> <span class='ocrx_word' id='word_1_351' title='bbox 497 3464 591 3524; x_wconf 78' lang='grc'>24,</span> <span class='ocrx_word' id='word_1_352' title='bbox 621 3463 674 3517; x_wconf 91' lang='lat' dir='ltr'>l.</span> <span class='ocrx_word' id='word_1_353' title='bbox 748 3464 889 3516; x_wconf 89' lang='lat' dir='ltr'>hanc</span> <span class='ocrx_word' id='word_1_354' title='bbox 926 3464 1330 3532; x_wconf 78' lang='lat' dir='ltr'>inscriptionem</span> <span class='ocrx_word' id='word_1_355' title='bbox 1370 3483 1468 3516; x_wconf 88' lang='lat' dir='ltr'>nec</span> <span class='ocrx_word' id='word_1_356' title='bbox 1512 3468 1793 3521; x_wconf 87' lang='lat' dir='ltr'>Armenius</span> <span class='ocrx_word' id='word_1_357' title='bbox 1833 3470 2044 3542; x_wconf 84' lang='lat' dir='ltr'>legebat</span> <span class='ocrx_word' id='word_1_358' title='bbox 2080 3491 2179 3525; x_wconf 92' lang='lat' dir='ltr'>nec</span> <span class='ocrx_word' id='word_1_359' title='bbox 2220 3470 2278 3526; x_wconf 91' lang='lat' dir='ltr'>S.</span> 
     </span>
    </p>
   </div>
   <div class='ocr_carea' id='block_1_6' title="bbox 191 3634 2420 4191">
    <p class='ocr_par' dir='ltr' id='par_1_6' title="bbox 191 3634 2417 4044">
     <span class='ocr_line' id='line_1_36' title="bbox 191 3634 2413 3710; baseline 0.005 -24"><span class='ocrx_word' id='word_1_360' title='bbox 191 3653 233 3686; x_wconf 85' lang='lat'>35</span> <span class='ocrx_word' id='word_1_361' title='bbox 399 3635 463 3685; x_wconf 86' lang='lat' dir='ltr'>ad</span> <span class='ocrx_word' id='word_1_362' title='bbox 512 3634 614 3702; x_wconf 81' lang='grc'>24,</span> <span class='ocrx_word' id='word_1_363' title='bbox 641 3634 695 3687; x_wconf 81' lang='lat'>3.</span> <span class='ocrx_word' id='word_1_364' title='bbox 768 3634 977 3699; x_wconf 88' lang='grc' dir='ltr'>Ὄνομὰ</span> <span class='ocrx_word' id='word_1_365' title='bbox 1023 3635 1125 3687; x_wconf 84' lang='grc' dir='ltr'>ἐςτι</span> <span class='ocrx_word' id='word_1_366' title='bbox 1173 3634 1331 3699; x_wconf 86' lang='grc' dir='ltr'>μέρος</span> <span class='ocrx_word' id='word_1_367' title='bbox 1380 3636 1547 3698; x_wconf 92' lang='grc' dir='ltr'>λόγου</span> <span class='ocrx_word' id='word_1_368' title='bbox 1595 3642 1885 3704; x_wconf 76' lang='grc' dir='ltr'>πτωτικόν,</span> <span class='ocrx_word' id='word_1_369' title='bbox 1937 3647 2083 3707; x_wconf 83' lang='grc' dir='ltr'>ςῶμα</span> <span class='ocrx_word' id='word_1_370' title='bbox 2129 3645 2160 3708; x_wconf 84' lang='grc' dir='ltr'>ἢ</span> <span class='ocrx_word' id='word_1_371' title='bbox 2200 3649 2413 3710; x_wconf 86' lang='grc' dir='ltr'>πρᾶγμα</span> 
     </span>
     <span class='ocr_line' id='line_1_37' title="bbox 257 3717 2415 3797; baseline 0.003 -24"><span class='ocrx_word' id='word_1_372' title='bbox 257 3720 533 3787; x_wconf 86' lang='grc' dir='ltr'>ςημαῑνον]</span> <span class='ocrx_word' id='word_1_373' title='bbox 573 3719 711 3787; x_wconf 86' lang='lat' dir='ltr'>apud</span> <span class='ocrx_word' id='word_1_374' title='bbox 752 3717 789 3773; x_wconf 89' lang='lat' dir='ltr'>S</span> <span class='ocrx_word' id='word_1_375' title='bbox 831 3719 978 3770; x_wconf 83' lang='lat' dir='ltr'>deest</span> <span class='ocrx_word' id='word_1_376' title='bbox 1013 3719 1384 3789; x_wconf 83' lang='lat' dir='ltr'>interpretatio</span> <span class='ocrx_word' id='word_1_377' title='bbox 1427 3722 1565 3772; x_wconf 85' lang='lat' dir='ltr'>vocis</span> <span class='ocrx_word' id='word_1_378' title='bbox 1603 3726 1886 3792; x_wconf 88' lang='grc' dir='ltr'>πτωτικόν,</span> <span class='ocrx_word' id='word_1_379' title='bbox 1928 3726 2019 3779; x_wconf 90' lang='lat' dir='ltr'>sed</span> <span class='ocrx_word' id='word_1_380' title='bbox 2058 3728 2184 3795; x_wconf 91' lang='lat' dir='ltr'>quin</span> <span class='ocrx_word' id='word_1_381' title='bbox 2226 3728 2415 3797; x_wconf 83' lang='lat' dir='ltr'>legerit</span> 
     </span>
     <span class='ocr_line' id='line_1_38' title="bbox 257 3803 2416 3874; baseline 0.004 -18"><span class='ocrx_word' id='word_1_382' title='bbox 257 3805 520 3873; x_wconf 80' lang='lat' dir='ltr'>interpres</span> <span class='ocrx_word' id='word_1_383' title='bbox 567 3821 788 3869; x_wconf 80' lang='lat' dir='ltr'>nomen,</span> <span class='ocrx_word' id='word_1_384' title='bbox 839 3821 949 3855; x_wconf 93' lang='lat' dir='ltr'>non</span> <span class='ocrx_word' id='word_1_385' title='bbox 990 3803 1201 3865; x_wconf 79' lang='lat' dir='ltr'>dubito,</span> <span class='ocrx_word' id='word_1_386' title='bbox 1251 3803 1331 3855; x_wconf 89' lang='lat' dir='ltr'>cfr</span> <span class='ocrx_word' id='word_1_387' title='bbox 1367 3804 1524 3859; x_wconf 90' lang='lat' dir='ltr'>Add</span> <span class='ocrx_word' id='word_1_388' title='bbox 1544 3805 1611 3858; x_wconf 89' lang='lat' dir='ltr'>ad</span> <span class='ocrx_word' id='word_1_389' title='bbox 1646 3808 1732 3874; x_wconf 89' lang='grc'>46,</span> <span class='ocrx_word' id='word_1_390' title='bbox 1758 3810 1912 3863; x_wconf 84' lang='grc'><strong>3-4.</strong></span> <span class='ocrx_word' id='word_1_391' title='bbox 1989 3812 2416 3864; x_wconf 87' lang='lat' dir='ltr'>coniunctionem</span> 
     </span>
     <span class='ocr_line' id='line_1_39' title="bbox 260 3884 2413 3964; baseline 0.004 -24"><span class='ocrx_word' id='word_1_392' title='bbox 260 3889 634 3953; x_wconf 62' lang='lat' dir='ltr'>disiunctiyam</span> <span class='ocrx_word' id='word_1_393' title='bbox 674 3884 712 3941; x_wconf 90' lang='lat' dir='ltr'>S</span> <span class='ocrx_word' id='word_1_394' title='bbox 753 3887 913 3939; x_wconf 90' lang='lat' dir='ltr'>etiam</span> <span class='ocrx_word' id='word_1_395' title='bbox 963 3888 1010 3938; x_wconf 94' lang='lat' dir='ltr'>ei</span> <span class='ocrx_word' id='word_1_396' title='bbox 1053 3888 1261 3939; x_wconf 93' lang='lat' dir='ltr'>nomini</span> <span class='ocrx_word' id='word_1_397' title='bbox 1297 3890 1594 3956; x_wconf 87' lang='lat' dir='ltr'>praemittit</span> <span class='ocrx_word' id='word_1_398' title='bbox 1631 3892 1768 3961; x_wconf 90' lang='lat' dir='ltr'>quod</span> <span class='ocrx_word' id='word_1_399' title='bbox 1806 3895 2075 3964; x_wconf 87' lang='lat' dir='ltr'>significat</span> <span class='ocrx_word' id='word_1_400' title='bbox 2111 3914 2308 3963; x_wconf 75' lang='lat' dir='ltr'>corpus,</span> <span class='ocrx_word' id='word_1_401' title='bbox 2350 3930 2413 3936; x_wconf 87' lang='lat'>——</span> 
     </span>
     <span class='ocr_line' id='line_1_40' title="bbox 261 3970 2417 4044; baseline 0.005 -20"><span class='ocrx_word' id='word_1_402' title='bbox 261 3972 513 4042; x_wconf 82' lang='lat' dir='ltr'>[DISOR.</span> <span class='ocrx_word' id='word_1_403' title='bbox 529 3972 622 4025; x_wconf 88' lang='lat' dir='ltr'>ET</span> <span class='ocrx_word' id='word_1_404' title='bbox 642 3970 948 4041; x_wconf 70' lang='lat' dir='ltr'>TESTIM]</span> <span class='ocrx_word' id='word_1_405' title='bbox 978 3972 1295 4040; x_wconf 91' lang='lat' dir='ltr'>Apollonius</span> <span class='ocrx_word' id='word_1_406' title='bbox 1318 3971 1577 4041; x_wconf 85' lang='lat' dir='ltr'>Dyscolus</span> <span class='ocrx_word' id='word_1_407' title='bbox 1598 3994 1746 4029; x_wconf 85' lang='lat' dir='ltr'>suam</span> <span class='ocrx_word' id='word_1_408' title='bbox 1769 3979 2034 4044; x_wconf 87' lang='grc' dir='ltr'>ὀνόματος</span> <span class='ocrx_word' id='word_1_409' title='bbox 2056 3980 2417 4035; x_wconf 88' lang='lat' dir='ltr'>definitionem</span> 
     </span>
    </p>

    <p class='ocr_par' dir='ltr' id='par_1_7' title="bbox 198 4056 2420 4133">
     <span class='ocr_line' id='line_1_41' title="bbox 198 4056 2420 4133; baseline 0.006 -27"><span class='ocrx_word' id='word_1_410' title='bbox 198 4075 240 4107; x_wconf 77' lang='lat'>40</span> <span class='ocrx_word' id='word_1_411' title='bbox 263 4059 420 4109; x_wconf 89' lang='lat' dir='ltr'>finxit</span> <span class='ocrx_word' id='word_1_412' title='bbox 445 4076 509 4110; x_wconf 88' lang='lat' dir='ltr'>ex</span> <span class='ocrx_word' id='word_1_413' title='bbox 535 4057 879 4126; x_wconf 88' lang='lat' dir='ltr'>Dionysiana.</span> <span class='ocrx_word' id='word_1_414' title='bbox 918 4056 1173 4109; x_wconf 88' lang='lat' dir='ltr'>Priscian.</span> <span class='ocrx_word' id='word_1_415' title='bbox 1200 4058 1377 4125; x_wconf 87' lang='lat' dir='ltr'>partit.</span> <span class='ocrx_word' id='word_1_416' title='bbox 1406 4077 1538 4112; x_wconf 85' lang='lat' dir='ltr'>vers.</span> <span class='ocrx_word' id='word_1_417' title='bbox 1567 4062 1702 4114; x_wconf 91' lang='lat' dir='ltr'>Aen</span> <span class='ocrx_word' id='word_1_418' title='bbox 1730 4062 1783 4115; x_wconf 92' lang='lat' dir='ltr'>II</span> <span class='ocrx_word' id='word_1_419' title='bbox 1808 4083 1843 4132; x_wconf 93' lang='grc' dir='ltr'><strong><em>Ρ</em></strong></span> <span class='ocrx_word' id='word_1_420' title='bbox 1868 4065 1995 4133; x_wconf 81' lang='grc'>4812</span> <span class='ocrx_word' id='word_1_421' title='bbox 2007 4063 2101 4117; x_wconf 87' lang='lat' dir='ltr'>K.:</span> <span class='ocrx_word' id='word_1_422' title='bbox 2138 4069 2420 4120; x_wconf 74' lang='lat' dir='ltr'>seeundum</span> 
     </span>
    </p>

    <p class='ocr_par' dir='ltr' id='par_1_8' title="bbox 2025 4148 2079 4191">
     <span class='ocr_line' id='line_1_42' title="bbox 2025 4148 2079 4191; baseline 0 -19"><span class='ocrx_word' id='word_1_423' title='bbox 2025 4148 2079 4191; x_wconf 66' lang='lat' dir='ltr'>f*</span> 
     </span>
    </p>
   </div>
  </div>
 </body>
</html>
