2814 4400
391 292 512 336 LXX
1154 288 1370 334 MERXH
1400 288 1772 334 DISPVTATIO

393 421 555 473 etiam
604 418 856 487 generaa)
906 418 971 469 ab
1017 419 1285 471 Armeniis
1335 437 1442 471 non
1493 418 1922 487 distinguantur,
1979 419 2296 486 pronomina
2345 419 2557 471 demon·

394 507 615 559 strativa
654 505 800 555 varia
838 503 891 554 vi
927 503 1170 572 praedita
1208 504 1261 555 in
1302 503 1476 557 locum
1515 503 1722 557 articuli
1762 504 1986 571 suffecit,
2025 503 2102 555 ita
2140 507 2199 557 ut
2237 505 2341 556 iam
2379 505 2560 557 omnia

393 594 502 644 sint
539 589 874 660 perturbata:
1823 590 1829 597 '

1079 677 1253 729 ἑνικὸε
1327 677 1423 742 μὲν
1497 677 1546 743 ὁ,
1621 678 1670 745 ἡ,
1747 678 1807 729 τό

1040 762 1262 829 i—ezayan
1334 792 1404 799 —-
1464 763 1566 829 cij-5,
1605 763 1718 829 ast„
1738 763 1846 828 ajn.
2602 785 2624 818 5

1008 845 1293 915 singularis
1457 845 1559 911 hic,
1599 846 1704 909 ille,
1745 848 1862 898 iste.

535 988 743 1040 Horum
780 989 1005 1041 formam
1046 988 1206 1039 etiam
1244 987 1502 1055 pluralem
1541 991 1594 1040 et
1630 989 1841 1041 dualem
1869 988 2087 1057 profert,
2125 987 2364 1056 quamvis
2392 987 2563 1040 dualis

395 1075 666 1127 Armeniis
706 1075 859 1126 desit.
924 1072 997 1125 Et
1033 1072 1134 1124 hac
1174 1073 1226 1124 in
1269 1091 1324 1124 re
1364 1073 1465 1124 sibi
1493 1076 1728 1136 constat:
1766 1073 2082 1142 ubicumque
2107 1090 2296 1141 graece
2324 1073 2356 1125 ὁ
2384 1074 2564 1127 δυῖκό(

394 1164 863 1227 commemoratur,
902 1145 1198 1209 ⁴Armenius
1250 1158 1458 1209 dualem
1507 1159 1692 1227 fingit,
1744 1159 1819 1210 ita
1856 1161 1915 1210 ut
1952 1159 2007 1209 in
2046 1159 2413 1227 paradigmate
2454 1175 2562 1210 ver-

395 1248 583 1300 borum
639 1245 852 1297 schema
909 1243 1299 1312 coniugationis
1358 1244 1682 1311 exhibuerit,
1737 1244 1874 1312 quod
1933 1243 2189 1295 refertum
2248 1245 2328 1295 est
2378 1242 2562 1307 formis
2587 1254 2628 1286 10

398 1332 615 1384 omnino
654 1330 879 1395 ficticiis,
921 1329 1111 1397 quibus
1144 1346 1336 1395 graeca
1375 1328 1617 1380 imitatus
1655 1331 1749 1380 est.
1814 1327 1931 1380 Hoc
1965 1328 2107 1379 enim
2135 1327 2365 1381 Graecos
2392 1346 2566 1380 aemu—

396 1416 543 1468 landi
591 1415 766 1467 studio
818 1418 1114 1466 commotus
1153 1415 1313 1464 etiam
1362 1414 1560 1465 formas
1598 1414 1896 1482 imperfecti
1938 1417 2227 1482 augmento
2275 1414 2566 1467 instructas

397 1503 694 1561 adinvenit,
736 1518 838 1568 quo
876 1499 975 1551 hac
1013 1499 1068 1549 in
1107 1497 1282 1549 forma
1322 1499 1565 1550 Armenii
1601 1516 1710 1550 non
1749 1501 1986 1551 utuntur.
2002 1499 2049 1568 b)

541 1587 733 1638 Miram
771 1585 996 1652 denique
1034 1584 1157 1635 iniit
1194 1583 1465 1635 rationem.
1495 1584 1551 1635 in
1590 1583 1857 1635 reddenda
1896 1583 2139 1636 doctrina
2175 1584 2239 1636 de
2267 1585 2415 1637 verbi
2442 1601 2567 1637 con-

401 1671 782 1742 iugationibus,
858 1669 996 1722 Nam
1046 1661 1166 1721 cum
1214 1669 1304 1720 illo
1350 1673 1588 1738 tempore
1636 1687 1761 1720 vera
1807 1668 2058 1720 formatio
2109 1669 2567 1739 coniugationum‚
2594 1686 2634 1719 15

401 1778 559 1828 quam
600 1757 848 1825 analogia
876 1756 1094 1825 linguae
1128 1755 1419 1806 sanseritae
1447 1760 1632 1807 ductus
1663 1754 2137 1806 Petermannus
2163 1756 2364 1823 primus
2390 1755 2568 1807 adum-

400 1844 646 1912 bravitss),
669 1842 899 1911 perspici
919 1859 1026 1892 non
1046 1842 1297 1909 potuerit,
1322 1841 1478 1892 facile
1498 1842 1834 1908 exspectatur
1854 1839 2198 1908 coniugation
2208 1860 2263 1894 es
2281 1841 2569 1893 secundum

405 1929 641 1981 vocalem
674 1922 816 1979 inter
851 1927 1081 1978 radicem
1112 1930 1163 1976 et
1188 1926 1621 1977 terminationem
1649 1925 2067 1978 intercedentem
2093 1926 2365 1996 distingui,
2393 1927 2571 1995 itaque

403 2017 542 2067 sicut
569 2014 709 2082 apud
739 2012 956 2064 Latinos
986 2012 1037 2063 in
1065 2013 1252 2063 formis
1279 2029 1503 2079 aon-are,
1532 2017 1777 2079 moa-ere,
1817 2011 2017 2079 leq-ere,
2056 2013 2282 2079 aud—ire,
2319 2012 2399 2064 ita
2429 2011 2577 2080 apud.

404 2100 685 2152 Armenios
726 2100 779 2149 in
810 2097 993 2149 formis
1036 2097 1196 2164 sir-el,
1236 2097 1445 2164 ayla-al,
1483 2096 1776 2164 ζῇορῙι-οαῐ,
1817 2095 2016 2166 fios-il
2052 2097 2279 2165 proponi
2317 2099 2635 2168 quattuorno

401 2201 678 2253 verborum
730 2198 926 2250 classes
974 2198 1083 2249 sive
1135 2197 1556 2266 coniugationes
1631 2197 1833 2259 Quibus
1880 2198 1924 2250 si
1974 2197 2188 2249 additur
2234 2197 2338 2250 alia
2385 2197 2569 2251 classis
2649 2212 2654 2221 ’

404 2286 687 2338 verborum
727 2303 799 2336 cm
848 2282 1248 2352 recipientium,
1298 2301 1434 2352 quae
1485 2283 1718 2351 analoga
1755 2285 1879 2335 sunt
1917 2301 2228 2352 graecorum
2267 2284 2570 2350 λαμβ-άν-ω

404 2372 497 2436 al,
538 2372 772 2439 quinque
809 2368 920 2420 fere
959 2367 1424 2435 coniugationibus
1465 2369 1624 2420 verba
1662 2369 1964 2420 armeniaca
2003 2368 2378 2436 comprehendi
2413 2386 2571 2438 posse

404 2457 666 2508 videntur.
743 2453 983 2522 Systema
1039 2451 1166 2521 hoc,
1224 2454 1423 2505 nostris
1480 2454 1689 2522 quidem
1740 2453 2014 2506 desideriis
2063 2472 2170 2506 non
2217 2455 2568 2524 satisfacienS,

401 2543 546 2594 facili
596 2539 816 2609 negotio
867 2542 1174 2606 comparata
1219 2538 1510 2593 formarum
1559 2539 1712 2608 copia
1760 2539 2013 2591 constitui
2060 2541 2254 2608 potuit.
2332 2541 2404 2592 At
2441 2539 2633 2593 Dio-²⁵

403 2628 541 2696 nysii
590 2614 852 2694 interpres
902 2642 1020 2676 cum
1072 2624 1233 2692 longe
1280 2624 1420 2676 absit
1463 2625 1528 2677 ab
1577 2625 1677 2676 hac
1725 2625 1961 2692 ratione,
2013 2624 2274 2677 theoriam
2323 2643 2570 2695 graecam

401 2712 666 2782 sequitur,
723 2728 855 2779 quae
912 2708 1082 2761 indoli
1138 2709 1470 2762 armeniacae
1525 2710 1741 2780 linguae
1798 2727 1982 2779 parum
2043 2710 2307 2764 convenit.
2380 2709 2569 2780 Itaque

515 2886 548 2934 ἃ)
582 2881 674 2924 Vbi
704 2895 802 2937 cap.
830 2886 879 2923 12
912 2881 1117 2924 Graecus
1149 2881 1206 2924 de
1236 2894 1408 2938 genere
1438 2881 1660 2936 loquitur,
1691 2882 1939 2925 Armenius
1966 2879 2091 2923 nihil'
2116 2881 2333 2934 mutavit,
2363 2882 2413 2925 et
2441 2882 2594 2936 quod·

402 2968 504 3010 cap,
551 2957 597 2995 16
644 2965 812 3007 graece
860 2951 1053 3008 legitur:
1105 2953 1216 3007 γένη
1259 2954 1343 3007 μὲν
1382 2954 1467 2997 οὖν
1514 2953 1595 2997 εἰει
1631 2953 1770 3007 .τρία·
1819 2954 1844 2996 ὁ
1894 2953 2120 3008 ποιητής,
2174 2954 2204 3006 ἡ
2253 2953 2457 3008 ποίηειε,
2512 2954 2569 2998 τὸ

403 3026 604 3079 ποίημα,
643 3023 888 3066 Armenius
927 3022 1096 3066 omisso
1144 3011 1343 3067 articulo
1384 3027 1600 3068 accurate
1639 3023 1858 3069 reddidit.
1920 3023 1971 3067 [n
2011 3023 2395 3079 libro.impresso
2434 3023 2570 3068 deest
2589 3031 2652 3065 30·

403 3096 529 3151 τρία,
575 3095 655 3138 sed
707 3095 804 3137 sine
844 3093 987 3137 dubio
1027 3094 1365 3138 restituendum
1408 3097 1478 3138 est
1516 3095 1565 3138 et
1600 3095 1669 3139 ita
1708 3095 1977 3150 legendum:
2023 3099 2094 3152 {gv
2131 3096 2210 3146 i—en
2246 3094 2372 3152 sere-h
2407 3095 2570 3151 ί-ονορζι,

407 3166 574 3209 ultima
604 3164 725 3208 enim
759 3177 849 3207 vox
879 3165 1183 3220 praecedenti
1213 3164 1450 3209 simillima
1482 3168 1566 3210 est.

521 3237 558 3291 b)
590 3236 642 3278 In
683 3235 831 3278 diario
870 3235 1064 3279 asiatico
1095 3236 1430 3293 francogallico
1464 3236 1943 3292 mont-Septembre
1978 3239 2105 3293 1870)
2137 3237 2199 3285 ill.
2230 3237 2569 3291 Patkanoff‚

404 3310 477 3351 cui
524 3306 726 3362 praeivit
757 3306 1191 3360 Petermannus,
1237 3311 1295 3352 de
1335 3310 1592 3364 augmento
1631 3308 1791 3351 aoristi
1829 3308 2021 3352 secundi
2058 3308 2236 3352 locutus
2275 3310 2366 3363 est3
2411 3311 2570 3354 tamen

406 3384 560 3422 utrum
593 3392 614 3421 e
644 3377 781 3430 illud,
814 3378 982 3421 tertiae
1013 3392 1239 3435 personae
1272 3379 1522 3435 singularis
1552 3381 1737 3422 tantum
1768 3392 1917 3435 neque
1949 3393 2132 3435 semper
2152 3378 2379 3435 additum,
2411 3394 2569 3425 verum
2592 3393 2635 3426 35

409 3449 468 3493 sit
490 3447 796 3503 augmentum
818 3461 978 3503 necne,
1002 3449 1235 3494 affirmare
1256 3464 1349 3494 non
1372 3451 1534 3498 ausim,
1576 3450 1707 3494 Idem
1730 3451 1881 3496 forma
1899 3450 2107 3506 Dionysii
2123 3450 2379 3494 armeniaci
2398 3451 2571 3497 ficticia

403 3523 616 3578 yopeat-§r
648 3518 839 3575 (tertiae
871 3533 992 3576 pers.
1026 3521 1141 3574 sing.
1176 3535 1271 3568 aor.
1305 3522 1345 3576 l)
1378 3522 1545 3575 utitur,
1588 3522 1640 3565 ut
1669 3535 1798 3565 suam
1831 3522 1889 3565 de
1922 3521 2100 3577 origine
2131 3520 2311 3565 formae
2341 3522 2570 3580 regularis

403 3594 571 3640 sireats
604 3590 878 3644 comprobet
908 3590 1185 3647 opinionem,
1205 3592 1331 3636 malo
1363 3606 1470 3636 usus
1501 3594 1792 3649 argumento,
1825 3606 1932 3635 nam
1964 3592 2070 3636 huic
2094 3591 2316 3648 Dionysio
2338 3606 2569 3648 quaenam

406 3665 451 3706 in
486 3663 571 3706 hac
602 3675 652 3705 re
683 3661 826 3704 fides?
877 3661 1029 3705 Etiam
1063 3663 1119 3706 de
1152 3663 1279 3706 duali
1311 3663 1575 3708 armeniano
1607 3663 1649 3707 ei
1681 3662 1912 3707 dubitatio
1945 3676 2033 3707 non
2059 3661 2245 3706 videtur
2265 3665 2430 3710 exorta
2450 3678 2566 3722 esse,

406 3749 547 3791 quum
589 3733 736 3777 dicat:
776 3731 825 3776 Il
853 3733 968 3776 ‘n’est
996 3746 1081 3788 pas
1110 3735 1227 3778 reste'
1254 3735 1310 3779 de
1338 3738 1486 3779 traces
1515 3735 1571 3779 de
1600 3734 1862 3789 ces-formes
1893 3734 2013 3778 dans
2043 3734 2105 3777 les
2134 3738 2419 3780 monuments
2447 3735 2566 3781 litte'-
2588 3733 2634 3777 ω’

405 3806 566 3853 raires.
627 3806 693 3849 Ad
735 3803 860 3860 quod
893 3802 1203 3848 Dulaurier
1241 3820 1321 3850 suo
1362 3807 1461 3849 iure
1502 3806 1704 3849 addidit:
1746 3805 2026 3861 parcequ’ils
2062 3809 2164 3849 sont
2202 3820 2294 3852 une
2329 3807 2569 3852 invention

403 3882 643 3932 purement
674 3874 933 3931 artificielle
954 3875 1177 3930 d'ineptes
1204 3876 1568 3933 yrammairiens,
1617 3876 1859 3924 Cf‚.10urn.
1879 3875 2011 3920 asiat.
2037 3882 2155 3921 1870.
2186 3877 2229 3921 ΙΙ
2249 3892 2280 3935 p
2302 3882 2383 3921 266
2401 3891 2455 3933 sq
2470 3882 2567 3923 244.

519 3954 553 3998 ⁹)
595 3947 937 3991 Petermann
977 3946 1294 3991 Grammatica
1336 3949 1524 4005 linguae
1563 3947 1797 3993 armeniae
1842 3947 2045 3992 Berolini
2079 3953 2184 3993 1837
2222 3962 2253 4005 p
2290 3953 2389 4003 188,
2438 3937 2566 4007 apud

408 4032 547 4072 quem
588 4020 745 4062 omnia
782 4018 991 4063 indicata
1029 4022 1156 4074 sunt,
1197 4033 1318 4076 quae
1358 4019 1668 4064 Dulaurier
1706 4021 1870 4063 contra
1908 4019 2332 4063 Patkanoffium
2372 4019 2563 4063 monuit.

407 4089 564 4135 Journ.
598 4088 730 4136 asiat.
769 4094 875 4134 1870
907 4088 969 4142 11,
1001 4095 1097 4134 242.
1160 4090 1226 4135 cf.
1259 4090 1413 4148 Bopp
1447 4090 1709 4148 Vergleich.
1743 4088 1948 4134 Gramm.
1981 4095 2005 4143 ξ
2035 4094 2131 4135 496.
2587 4090 2631 4123 ⁴⁶
