2808 4394
369 312 438 364 46
920 314 944 363 s
977 313 1143 354 12—-13
1175 309 1378 365 (14—15)
1409 309 1499 353 EX
1536 308 1681 354 REO.
1713 308 1977 354 PRIORE

511 440 620 492 Τοῦ
658 439 718 490 δὲ
756 438 1020 502 ὀνόματος
1066 438 1319 492 διαθέςεις
1358 437 1447 491 εἰςὶ
1485 438 1611 504 δύο,
1652 438 1892 503 ἐνέργεια
1929 438 2015 490 καὶ
2051 438 2248 505 πάθος,
2289 438 2574 504 ἐνέργειαι)
2596 450 2700 488 63⁷1,

371 526 465 590 μὲν
506 523 580 575 ὡς
618 524 834 589 κριτής
873 523 904 576 ὁ
941 523 1164 592 κρίνων,
1203 523 1374 576 πάθος
1412 524 1470 576 δὲ
1511 523 1585 576 ὡς
1623 524 1838 588 κριτός
1875 517 1906 575 ὅ
1945 522 2270 588 κρινόμενος.
2555 555 2598 587 30

1064 711 1088 761 ς
1122 712 1173 751 13
1207 706 1346 762 (15b)
1378 688 1511 752 Περὶ
1547 689 1849 751 ῬήΜΑτος
2164 688 2167 690 ’
2557 732 2582 763 p
2604 723 2705 756 em

514 807 678 873 Ῥῆμά
727 808 830 860 ἐςτι
877 808 1014 861 λέξις
1060 808 1335 872 ἄπτωτος,
1386 807 1677 871 ἑπιδεκτικὴ
1726 806 1944 872 χρόνων
1994 823 2050 859 τε
2095 807 2178 859 καὶ
2226 806 2534 872 προςώπων

316 908 345 954 5
374 893 457 946 καὶ
495 892 755 958 ἀριθμῶν,
807 892 1079 958 ἐνέργειαν
1126 892 1157 956 ἢ
1206 892 1379 945 πάθος
1416 895 1721 957 παριςτᾶςα.
1795 891 2102 956 Παρέπεται
2139 893 2199 945 δὲ
2234 896 2310 961 τῷ
2351 890 2580 957 ῥήματιῡ

376 1062 754 1118 ῐΒῙεοΒΕΡΑΝΤΙΑ,
779 1075 1049 1104 εοιιιΡΤνΒΑΕ
1087 1077 1137 1104 m
1176 1059 1268 1104 ML
1283 1060 1660 1117 GBTVHAfb]
1779 1059 1894 1104 1-2
1926 1062 2133 1116 ἐνέργεια
2171 1087 2224 1094 -
2262 1061 2538 1116 κρινόμενος

373 1147 450 1177 om
480 1132 517 1175 T
539 1133 555 1188 ΙΙ
625 1133 655 1177 3
687 1130 879 1175 titulum
910 1145 984 1175 om
1018 1131 1055 1174 T
1076 1132 1094 1187 ΙΙ
1180 1131 1209 1176 5
1243 1135 1511 1186 παριςτῶςα
1541 1130 1812 1175 BTVHAf
1820 1133 1848 1176 b
1898 1134 1905 1189 Ι
1986 1133 2178 1189 ῥήματι]
2209 1132 2409 1186 ὀνόματι
2440 1129 2482 1175 Gr

352 1331 773 1389 ·[D1scnnPANT1AE
793 1345 852 1373 ET
870 1344 1157 1374 'rus'rmonu
1177 1345 1425 1375 scnomon.
1444 1332 1618 1385 (Σσλ)
1637 1331 2036 1387 EROTEMATVM(E)
2059 1346 2268 1375 Amonvu
2286 1328 2540 1385 sempron]

374 1401 501 1458 quod
533 1400 677 1444 etiam
709 1399 823 1444 artis
855 1399 1003 1443 codex
1025 1399 1062 1442 T
1095 1400 1144 1444 et
1174 1399 1416 1455 Syncellus
1448 1400 1496 1444 et
1526 1400 1735 1456 epitoma
1754 1401 1998 1457 praebent,
2026 1424 2032 1429 -
2058 1405 2106 1447 E
2117 1403 2134 1431 b
2156 1405 2204 1447 E
2215 1405 2226 1430 t
2254 1401 2378 1445 inter
2408 1401 2541 1455 πύρι-

373 1486 455 1516 νος
487 1472 535 1515 et
565 1472 751 1526 δρύϊνος
781 1471 993 1514 inserunt
1024 1470 1213 1515 λίθινος.
1273 1469 1572 1514 Deteriorum
1602 1471 1793 1515 technes
1832 1471 2044 1516 codicum
2075 1471 2292 1528 exempla
2319 1470 2543 1528 leguntur

374 1542 517 1587 etiam
549 1542 676 1598 apud
708 1540 951 1595 Choerob.‚
982 1541 1030 1583 in
1059 1540 1183 1584 libro
1213 1556 1260 1585 π.
1291 1542 1568 1597 ποςότητος,
1599 1547 1650 1586 Σ
1666 1546 1781 1599 8532,
1811 1541 1860 1584 in
1881 1541 2133 1586 Phavorini
2161 1532 2542 1596 Philemonisffiie

371 1612 533 1656 lexicis
563 1613 705 1668 atque
734 1614 784 1655 in
813 1612 896 1656 lat.
929 1625 1192 1655 sermonem
1224 1625 1448 1655 conversa
1478 1613 1605 1669 apud
1634 1612 1924 1657 Priscianum
1954 1613 1971 1669 ΙΙ
2295 1611 2411 1658 1-2
2441 1613 2542 1656 Τοῦ

373 1685 424 1728 δὲ
455 1684 690 1737 ὀνόματος
723 1709 775 1714 -
807 1683 1096 1738 κρινόμενος]
1130 1683 1247 1726 haec
1277 1682 1587 1727 inlustrantur
1615 1682 1664 1726 in
1694 1689 1744 1729 Σ
1772 1685 1820 1728 et
1851 1694 1907 1738 σ,
1949 1684 2120 1728 desunt
2148 1683 2197 1728 in
2227 1686 2286 1729 E.
2348 1688 2398 1728 Σ
2414 1687 2542 1740 879„

374 1754 521 1810 (Hel):
556 1755 791 1809 μεμπτέος
833 1755 958 1798 ἐςτὶν
990 1756 1144 1798 οὕτως
1166 1755 1549 1809 ἀποφηνάμενος,
1581 1755 1794 1810 ὀφείλων
1817 1758 2000 1810 μᾶλλον·
2026 1757 2181 1800 οὕτως
2214 1755 2385 1800 εἰπεῖν·
2417 1754 2536 1799 ἐςτι

374 1826 424 1869 δὲ
456 1826 552 1869 ὅτε
583 1827 660 1869 καὶ
691 1826 913 1869 διαθέςεις
946 1827 1153 1879 ὁρῶνται
1183 1826 1233 1868 ἑν
1265 1825 1479 1880 ὀνόμαςι,
1515 1826 1785 1880 ῥηματικοῖς
1817 1826 1928 1873 οὖςι.
1989 1825 2056 1870 cfr
2085 1839 2227 1882 supra
2258 1824 2318 1869 ad
2347 1840 2379 1882 p
2411 1819 2491 1879 29,
2515 1828 2542 1868 3

373 1896 387 1953 Η
730 1896 850 1940 4-5
884 1896 1030 1951 Ῥῆμα
1059 1920 1114 1928 —-
1146 1897 1417 1952 παριςτᾶςα]
1459 1909 1622 1939 verum
1659 1895 1935 1951 Dionysium
1973 1895 2204 1940 Thracem
2241 1896 2364 1940 teste
2402 1893 2543 1952 Apol—

374 1966 501 2010 lonio
532 1965 735 2022 Dyscolo
767 1965 1033 2010 definivisse
1065 1967 1188 2022 ῥῆμά
1226 1968 1320 2011 ἑςτι
1361 1968 1480 2011 λέξις
1512 1968 1817 2023 κατηγόρημα
1849 1969 2129 2024 ςημαίνουςα
2158 1967 2321 2011 narrat
2349 1971 2544 2023 ΣθῚιέ85

377 2039 425 2082 et
465 2051 520 2081 ex
557 2037 645 2081 hac
685 2051 791 2080 cum
837 2036 1096 2080 enchiridio
1136 2036 1454 2093 discrepantia
1492 2037 1676 2093 colligit
1713 2038 1862 2082 artem
1902 2038 1960 2082 ab
1992 2037 2289 2082 Aristarcheo
2320 2036 2543 2094 Dionysio
2622 2088 2625 2091 ¹

375 2107 599 2164 scriptam
629 2121 723 2151 non
756 2121 878 2160 esse,
921 2121 1015 2163 qua
1046 2107 1104 2151 de
1135 2121 1185 2151 re
1226 2108 1334 2151 vide
1366 2108 1686 2152 recensionem
1719 2108 1918 2153 alteram
1950 2110 1999 2153 et
2027 2108 2172 2166 praef.
2204 2134 2259 2140 -—
2289 2107 2358 2151 Ex
2391 2108 2542 2152 erote-

375 2178 514 2222 matis
545 2178 646 2221 sola
667 2181 714 2222 E
724 2185 740 2213 g
772 2178 997 2222 exhibent
1026 2179 1153 2234 ῥῆμά
1183 2179 1279 2223 ἐςτι
1311 2180 1430 2224 λέξις
1453 2179 1678 2229 ἄπτωτος
1700 2180 1966 2234 ἑπιδεκτικὴ
1999 2182 2102 2235 κτλ,
2137 2180 2279 2236 atque
2311 2177 2543 2222 adiciunt:

378 2251 556 2294 ἄλλως·
587 2251 707 2294 λέξις
743 2250 965 2293 ἄπτωτος
1002 2250 1054 2293 ἐν
1076 2249 1205 2294 ἰδίοις
1237 2255 1684 2305 μεταςχηματιςμοῑς
1713 2252 1974 2306 διαφόρους
2004 2251 2204 2307 χρόνους
2235 2252 2437 2306 δηλοῡςα
2469 2263 2543 2304 με-

375 2323 427 2364 τ’
462 2321 697 2375 ἐνεργείας
728 2322 756 2375 ἢ
789 2321 969 2365 πάθους
1000 2322 1028 2375 ἢ
1062 2320 1337 2375 οὐδετέρου,
1369 2322 1444 2364 καὶ
1476 2322 1569 2365 ἔςτι
1602 2322 1876 2377 προςώπων
1913 2324 2211 2377 ςημαντικόν,
2243 2323 2324 2366 ὅτε
2355 2322 2430 2365 καὶ
2459 2321 2545 2364 τὰς

375 2396 460 2446 τῆς
491 2394 644 2447 ψυχῆς
666 2392 886 2436 διαθέςεις
916 2393 1063 2446 δηλοῖ,
1097 2404 1218 2447 quae
1234 2390 1569 2447 Byzantiorum
1596 2391 1806 2436 definitio
1829 2392 1916 2452 (cfr
1934 2392 2158 2439 Choerob.
2175 2396 2258 2436 469
2266 2393 2321 2449 30)
2344 2392 2448 2435 orta
2476 2390 2548 2434 est

378 2476 436 2505 ex
457 2461 793 2518 Apolloniana:
826 2462 951 2518 ῥῆμά
981 2464 1074 2506 έςτι
1096 2463 1232 2517 μέρος
1254 2464 1399 2516 λόγου
1431 2463 1658 2507 ἄπτωτον
1689 2465 1741 2507 ἐν
1773 2463 1828 2508 ἰδ.
1863 2477 2054 2520 μεταςχ.Ἴ
2079 2463 2326 2519 διαφόρων
2356 2462 2546 2518 χρόνων

378 2533 673 2577 ἐπιδεκτικὸν
713 2534 821 2587 μετ’
859 2533 1094 2588 ἐνεργείας
1126 2535 1159 2590 ἢ,
1189 2533 1389 2587 πάθους,
1434 2535 1708 2588 προςώπων
1747 2548 1799 2578 τε
1831 2536 1907 2578 καὶ
1939 2535 2150 2590 ἀριθμῶν
2181 2524 2544 2594 παραςτατικόν,

379 2605 460 2648 ὅτε
493 2605 569 2647 καὶ
600 2605 685 2648 τὰς
715 2608 802 2659 τῆς
832 2619 884 2659 ψ.
917 2605 1034 2648 διαθ.
1074 2606 1209 2659 δηλοῖ
1251 2603 1376 2657 (vide
1408 2603 1651 2647 Heliodori
1686 2606 1762 2648 vel
1798 2604 1955 2661 potius
1994 2604 2306 2649 Choerobosci
2336 2608 2386 2648 Σ
2413 2607 2497 2648 882
2514 2631 2546 2659 ,9

378 2699 431 2705 —
464 2677 606 2730 88313,
638 2674 721 2718 ubi
752 2675 1072 2726 ἐπιδεκτικὸν,
1103 2688 1199 2718 non
1230 2673 1427 2730 simplex
1459 2676 1676 2718 δεκτικὸν
1708 2674 1900 2719 exhibet
1930 2674 1983 2729 Ο,
2017 2676 2065 2720 et
2094 2674 2407 2720 Schocmanni
2439 2673 2546 2718 ‘Re-

379 2743 527 2789 deth.'
560 2760 591 2801 p
622 2749 699 2799 43,
730 2744 811 2801 qui
840 2746 966 2789 recte
998 2758 1023 2789 e
1056 2745 1326 2789 coniectura
1356 2744 1541 2788 addidit
1571 2746 1832 2803 ἄπτωτον).
1884 2746 1939 2790 In
1969 2749 2018 2791 E
2029 2754 2046 2775 v
2076 2745 2208 2790 nulla
2236 2743 2447 2789 definitio
2477 2745 2546 2788 in-

378 2816 580 2868 venitur,
613 2816 662 2859 in
691 2817 769 2862 Eb
791 2818 862 2861 Ει
895 2815 994 2860 sola
1023 2815 1259 2872 byzantia.
1293 2841 1347 2847 —-
1377 2814 1445 2859 Ex
1474 2816 1635 2860 latinis
1655 2817 1973 2873 grammaticis
2002 2817 2194 2873 propius
2225 2815 2458 2860 accedunt
2486 2814 2546 2858 ad

381 2900 484 2931 eam
516 2886 794 2940 finitionem,
827 2901 969 2943 quam
999 2886 1047 2930 in
1079 2887 1178 2931 arte
1211 2899 1371 2930 omnes
1402 2885 1679 2931 scholiastae
1713 2901 1900 2944 quoque
1931 2887 2163 2944 legerunt,
2197 2885 2472 2932 Consentius
2502 2884 2546 2930 V

384 2963 465 3002 365
475 2975 531 3015 ²9:
563 2958 748 3002 verbum
779 2962 841 3002 est
863 2971 983 3013 pars
1014 2957 1240 3001 orationis
1276 2957 1452 3012 factum
1490 2957 1682 3012 aliquod
1721 2958 1980 3002 habitumve
2008 2958 2280 3016 siqnificans
2308 2970 2411 3002 cum
2439 2961 2548 3002 tem-

374 3042 488 3084 pore
517 3033 557 3073 et
583 3041 784 3085 persona
814 3029 913 3073 sine
944 3041 1068 3082 casu,
1101 3029 1149 3071 et
1170 3027 1347 3072 Charis.
1379 3028 1400 3071 I
1425 3033 1567 3086 16413:
1597 3042 1710 3084 pars
1728 3041 1792 3073 or.
1824 3029 2278 3074 administrationem
2306 3028 2376 3072 rei
2402 3026 2550 3085 siqni-

381 3101 525 3156 fieans
555 3115 656 3145 cum
685 3104 884 3156 tempore
903 3104 945 3144 et
960 3112 1159 3155 persona
1177 3099 1470 3155 numerisque
1489 3113 1651 3144 carens
1678 3114 1805 3153 casu,
1837 3101 1885 3144 et
1916 3099 2129 3144 Donatus
2157 3099 2226 3165 Ii(
2255 3104 2364 3154 3594
2393 3102 2474 3144 381
2487 3115 2544 3155 με

376 3185 492 3227 pars
521 3184 584 3215 or.
624 3185 725 3215 cum
770 3175 967 3227 tempore
1006 3175 1048 3215 et
1072 3183 1272 3228 persona
1310 3170 1410 3214 sine
1449 3183 1560 3215 casu
1595 3175 1679 3215 aut
1708 3184 1841 3228 agere
1870 3171 2055 3227 aliquid
2084 3175 2168 3215 aut
2190 3170 2299 3227 pati
2327 3174 2410 3214 aut
2438 3183 2544 3214 neu·

382 3247 505 3285 trum
535 3243 804 3298 siqnisieans
843 3241 928 3296 (cfr
956 3242 1181 3298 byzantia
1211 3240 1454 3296 definitio).
1515 3239 1675 3298 Longe
1715 3241 1892 3285 distant
1930 3241 1978 3285 in
2020 3241 2152 3286 verbi
2181 3239 2454 3286 definitione
2485 3239 2546 3283 ab

383 3311 603 3367 Dionysio
642 3312 855 3356 Diomed.
886 3313 907 3355 I
939 3317 1047 3368 3342
1101 3314 1149 3357 et
1192 3311 1406 3356 Echob.
1438 3315 1582 3368 56123.
1644 3311 1973 3368 Apollonium,
2015 3312 2136 3356 sicut
2179 3311 2320 3365 solet,
2361 3311 2547 3356 secutus

385 3383 457 3425 est
486 3381 624 3425 Prisc.
648 3382 691 3424 II
723 3387 853 3439 3693,
888 3383 969 3427 sed
999 3383 1069 3427 ita
1097 3384 1152 3427 ut
1181 3383 1232 3427 ἐν
1263 3383 1393 3427 ἰδίοις
1423 3387 1868 3438 μεταςχηματιςμοῑς
1901 3383 2141 3426 omitteret
2169 3384 2218 3426 et
2245 3395 2332 3439 pro
2364 3381 2544 3437 προςώ-

380 3467 493 3512 πων
514 3477 561 3484 -
591 3454 723 3508 δηλοῖ
754 3452 802 3495 in
832 3454 935 3509 ipsa
965 3453 1238 3498 definitione
1262 3451 1390 3497 aliud
1411 3451 1738 3496 substitueret:
1770 3453 1954 3497 verbum
1985 3456 2048 3497 est
2070 3465 2185 3508 pars
2215 3466 2280 3500 or.
2311 3465 2412 3496 cum
2442 3456 2547 3496 tem-

385 3525 573 3581 poribus
604 3527 653 3567 et
684 3523 859 3567 modis
889 3524 990 3568 sine
1018 3538 1144 3579 casu,
1175 3524 1348 3582 ayendi
1366 3523 1436 3567 vel
1449 3523 1670 3578 patiendi
1689 3523 2075 3580 siqnifteativum;
2103 3523 2264 3580 paqu
2294 3523 2404 3580 post
2432 3534 2545 3567 vero

387 3601 468 3641 369
483 3626 514 3651 ,ὃ
545 3595 825 3650 sequuntur:
866 3595 995 3639 verbo
1026 3595 1248 3640 accidunt
1277 3599 1395 3648 octo,
1425 3626 1709 3642 .........
1742 3594 2005 3652 coniuyatio
2037 3599 2076 3639 et
2099 3607 2301 3651 persona
2329 3608 2432 3640 cum
2461 3606 2546 3638 nu-

386 3679 520 3719 mam,
555 3665 741 3722 quando
771 3665 961 3719 affectus
990 3666 1140 3710 animi
1169 3666 1330 3722 definit
1378 3667 1396 3721 11
1784 3665 1816 3709 4
1846 3666 2035 3721 χρόνων
2065 3679 2118 3710 τε
2150 3667 2225 3710 καὶ
2256 3665 2328 3709 bis
2357 3678 2433 3709 om
2465 3665 2545 3710 6¹².

387 3752 441 3782 τε
471 3751 548 3781 om
579 3737 815 3792 Σ188113,
846 3735 1027 3780 habent
1055 3739 1350 3794 Σ67283Εέ,
1411 3736 1598 3791 χρόνων
1629 3736 1904 3790 προςώπων
1934 3749 1986 3781 τε
2009 3738 2084 3781 καὶ
2115 3737 2325 3793 ἀριθμῶν
2353 3738 2547 3790 2882„

387 3807 530 3863 (Hel),
563 3820 683 3863 quae
704 3807 864 3851 tamen
887 3805 1202 3863 discrepantia
1220 3820 1314 3851 non
1345 3819 1401 3850 ex
1432 3805 1735 3850 dissentiente
1767 3806 1880 3850 artis
1913 3805 2173 3863 exemplari
2203 3805 2432 3863 originem
2463 3803 2546 3848 du-

388 3879 465 3933 cit,
496 3878 578 3922 sed
610 3891 666 3921 ex
697 3876 967 3922 confusione
999 3876 1311 3933 Dionysianae
1343 3875 1628 3920 definitionis
1658 3876 1705 3920 et
1735 3876 2071 3932 Apollonianae
2111 3878 2128 3934 ΙΙ
2409 3874 2439 3920 5
2472 3875 2548 3919 καὶ

392 4032 668 4091 [ΕΕοΤῙοΝΕε
697 4033 909 4090 Annam]
978 4031 1091 4076 1-2
1121 4032 1325 4076 concinit
1345 4033 1361 4087 ΙΙ
1451 4031 1572 4077 4-5
1603 4031 1742 4088 plane
1775 4034 1972 4078 eandem
2004 4031 2325 4078 definitionem
2357 4029 2550 4075 exhibet

390 4104 479 4146 nisi
510 4104 636 4161 quod
666 4105 929 4160 ἑπιδεκτικὴ
961 4103 1087 4147 vocis
1115 4103 1514 4159 praepositionem
1545 4103 1629 4146 aut
1657 4115 1749 4145 non
1781 4104 2008 4161 expressit
2038 4104 2121 4148 aut
2148 4116 2242 4147 non
2271 4102 2463 4160 legebat
