2808 4394
1219 174 1235 196 X

1015 236 1457 299 ΎΠοΔιΑςτοΛή
1483 279 1529 285 -
1555 237 1713 299 cums

345 383 440 432 114,
461 384 487 422 2
519 379 648 434 (vide
669 380 1052 434 adnotationem).
1104 379 1176 423 cfr
1197 378 1339 423 etiam

339 448 436 491 ind.
465 448 549 491 sub
580 450 818 507 προςῳδία

283 514 565 564 ὑπόθεσιν
623 519 681 564 de
731 524 1009 576 argumento
1059 517 1337 574 rhapsodiae

411 595 437 632 4

282 594 568 714 ὑπῗκείμενα
589 660 635 703 in
652 662 888 715 ὀνόματος
907 660 1177 704 definitione
1196 658 1335 714 Apol—

338 728 548 774 loniana:
579 731 791 775 Addend.
822 730 1051 774 LXXXIV
1087 737 1131 773 11

280 808 722 874 ὑποκοριστικόν
760 817 912 870 ὄνομα
941 828 1104 859 nomen
1134 814 1335 858 diminu-

337 884 482 928 tivum
504 890 570 938 ²25,
596 890 634 929 7.
669 892 736 938 28,
761 891 799 929 6.
833 885 936 930 vide
958 885 1098 929 etiarn
1123 885 1334 930 Addend.

337 953 540 998 LXXXV
575 961 600 999 2
631 955 859 1000 LXXXVI
892 963 936 998 11

279 1019 602 1086 ὑπόκρισις.
669 1029 780 1071 καθ’
826 1027 1071 1081 ὑπόκριςιν
1119 1027 1334 1070 iubemur

338 1095 535 1140 recitare
572 1102 619 1151 6,
651 1101 690 1152 6.v
757 1102 806 1142 Σ
834 1102 931 1151 744,
968 1096 1173 1152 (Steph):
1218 1097 1334 1140 ὑπό-

336 1168 478 1221 κριςίς
518 1169 643 1212 ἐςτιν
673 1168 934 1222 ἁρμόζουςα
961 1171 1061 1211 τοῖς
1091 1168 1334 1219 ὑποκειμέ·

335 1251 431 1281 νοις
469 1239 739 1292 προςώποις
779 1239 830 1281 ἔν
866 1251 920 1281 τε
959 1239 1086 1294 λόγῳ
1120 1239 1195 1280 καὶ
1226 1238 1331 1291 ςχή-

335 1321 443 1360 ματι
466 1340 748 1355 .........
799 1309 918 1351 Καθ’
959 1309 1201 1363 ὑπόκριςιν
1247 1308 1334 1350 οὖν

333 1378 543 1420 τουτέςτι
574 1379 694 1422 κατὰ
717 1378 902 1434 μίμηςιν
922 1382 1024 1422 τῶν
1046 1379 1332 1433 προςώπων.

330 1445 472 1490 immo
514 1448 756 1502 aliquanto
793 1448 932 1492 latius
971 1450 1105 1504 patet
1133 1448 1332 1492 nominis

332 1517 477 1573 notio,
509 1519 563 1563 ut
590 1525 791 1576 apparet
821 1533 878 1563 ex
909 1519 976 1562 eis
1007 1533 1128 1574 quae
1159 1519 1216 1562 de
1239 1519 1331 1562 sin-

332 1588 454 1644 gulis
484 1590 638 1644 poesis
673 1589 924 1645 generibus
948 1592 1058 1645 apte
1080 1589 1332 1633 recitandis

332 1657 582 1715 Dionysius
613 1663 638 1712 ξ
662 1666 686 1703 2
716 1661 964 1717 praecipit.
1016 1659 1128 1715 quid
1159 1659 1332 1703 efficiat

330 1728 596 1785 ὑπόκριςις,
641 1731 811 1775 dicitur
848 1735 896 1785 6,
929 1735 977 1774 7:
1024 1732 1075 1775 ἐκ
1121 1732 1205 1784 μὲν
1241 1731 1329 1785 γὰρ

330 1804 415 1854 τῆς
460 1802 748 1856 ὑποκρίςεως
785 1803 876 1856 τὴν
914 1803 1087 1857 ἀρετὴν
1126 1803 1327 1856 ὁρῶμεν,

331 1870 414 1913 scil
443 1875 544 1915 τῶν
566 1873 1022 1926 ἀναγινωςκομὲνων
1045 1872 1114 1925 (ut
1136 1871 1325 1915 Melam-

331 1955 416 1996 pus
447 1942 699 1986 scholiasta
728 1942 810 1998 ait)
842 1943 916 1986 vel
945 1946 1032 1986 τοῦ
1065 1945 1263 1997 ποιητοῦ

273 2012 526 2068 ὑπόμνημα
571 2015 868 2070 nuncupatur
905 2013 1073 2057 techne
1112 2012 1160 2055 in
1199 2011 1329 2055 scho-

328 2082 425 2126 liis:
457 2083 519 2126 ad
547 2084 898 2140 inscriptionem
927 2084 1118 2128 technes
1147 2098 1179 2140 p
1210 2089 1236 2127 3

272 2161 641 2215 ὐποπέπτωκε
672 2169 730 2213 de
761 2169 1006 2225 speciebus
1037 2170 1199 2226 generi
1221 2170 1328 2214 sub-

327 2238 459 2283 iectis
490 2245 558 2294 32,
591 2246 616 2283 2

270 2323 531 2371 ὑπόςταςις.
590 2324 678 2369 hoc
715 2325 942 2369 vocabulo
974 2327 1330 2370 commentario-

328 2393 400 2436 lus
431 2394 675 2450 byzantius
698 2396 768 2451 (σ)
791 2395 947 2440 οὐςίας
978 2410 1149 2440 nomen
1180 2396 1228 2439 in
1250 2397 1325 2441 de·

328 2464 534 2509 finitione
593 2467 827 2519 ὀνόματος
887 2467 1047 2522 κυρίου
1106 2466 1326 2522 illustrat,

232 2528 242 2531 ”
328 2535 456 2589 quod
484 2535 957 2592 interpretamentum
986 2537 1183 2581 fortasse
1218 2551 1326 2582 con-

328 2607 472 2650 vertit
501 2607 768 2650 Armenius:
802 2607 863 2650 ad
894 2614 964 2664 33,
998 2613 1022 2651 6
1053 2609 1102 2651 in
1132 2622 1163 2663 p
1195 2613 1250 2652 34
1280 2610 1330 2652 et

327 2675 538 2724 Addend.
572 2677 847 2721 LXXXVIII
878 2684 904 2722 5

270 2756 587 2821 ὑποστιγμή
616 2763 955 2816 subdistinctiO,
986 2777 1107 2819 quae
1138 2765 1328 2820 ponitur

328 2847 466 2877 sensu
497 2834 701 2877 nondum
738 2834 869 2877 finito
910 2833 969 2877 ad
1001 2833 1328 2878 discernendas

328 2904 464 2948 unius
496 2904 724 2948 enuntiati
755 2905 915 2960 partes
947 2909 985 2957 7,
1017 2909 1044 2947 4
1075 2906 1123 2947 et
1153 2911 1191 2949 6.
1225 2910 1268 2958 8,
1303 2910 1323 2947 1

328 2976 376 3018 et
405 2980 445 3018 2.
494 2975 673 3031 primus
703 2975 868 3018 horum
900 2974 1107 3019 locorum
1138 2976 1197 3019 ab
1221 2976 1327 3019 Dio-

326 3044 460 3099 nysio
525 3045 724 3101 scriptus
790 3059 882 3089 non
951 3047 1043 3089 est:
1113 3046 1326 3110 Addend.

326 3115 511 3159 LXXIX
541 3122 567 3159 2

267 3197 617 3248 ὐποτακτέον
633 3201 691 3246 de
708 3202 861 3259 specie
878 3202 1040 3259 generi
1056 3202 1328 3247 subicienda

327 3277 397 3328 74,
434 3278 453 3315 1

2336 255 2437 307 179

1381 374 1774 436 ὑποτακτικός.
1812 380 2103 435 ὑποτακτικὴ
2128 381 2324 433 ἐγκλιςις
2346 394 2434 424 mo-

1440 448 1528 492 dus
1556 449 1875 493 subiunctivus
1913 449 1989 493 vel
2020 451 2341 495 coniwnctivus
2372 454 2432 504 (v.

1438 517 1533 561 ind.
1575 518 1676 573 lat.)
1721 524 1799 573 47,
1838 526 1877 563 3.
1950 522 2019 563 cfr
2055 519 2209 575 Apoll.
2250 520 2435 575 Dyscoli

1437 589 1558 643 synt.
1596 593 1716 643 266⁶:
1762 592 1903 643 ὑγιῶς
1943 590 2031 645 ἄρα
2068 592 2163 634 ἀπὸ
2202 592 2311 636 ἑνὸς
2346 595 2433 635 τοῦ

1441 662 1916 713 παρακολουθοῦντος
1955 666 2013 716 τῇ
2046 662 2329 717 προκειμένῃ
2362 662 2435 714 ἐγ-

1436 730 1604 783 κλίςει,
1650 734 1736 773 τοῦ
1769 733 1830 785 μὴ
1880 731 2165 775 ςυνίςταςθαι
2204 732 2357 787 αὐτὴν
2395 732 2435 776 εἰ

1438 803 1498 854 μὴ
1537 801 1795 856 ὑποταγείη
1834 806 1933 845 τοῖς
1973 802 2294 855 προκειμένοις
2334 816 2434 846 cuv·

1437 871 1628 924 δέςμοις,
1653 871 1833 926 εἴρηται
1852 872 2158 927 ὑποτακτική,
2182 873 2229 915 et
2246 877 2431 927 2884„.

1439 966 1492 972 —
1522 942 1813 984 ὑποτακτικὰ
1845 946 2046 996 ςτοιχεῖα
2084 942 2381 998 appellantur
2416 944 2434 986 ῐ

1438 1013 1486 1056 et
1533 1016 1563 1056 ῦ
1612 1010 1724 1067 quia
1772 1010 1876 1055 aliis
1937 1011 2175 1055 vocalibus
2224 1013 2435 1056 subiecta

1435 1083 1776 1140 diphthongum
1817 1082 2024 1126 efficiunt
2064 1088 2135 1135 10,
2169 1088 2207 1128 5.
2278 1085 2329 1127 at
2368 1090 2432 1137 10,

1434 1159 1516 1196 4-
1534 1159 1598 1198 'Ia
1627 1154 1884 1208 posteriore
1915 1166 2054 1195 manu
2084 1153 2247 1196 addita
2275 1154 2434 1197 viden-

1434 1225 1534 1267 tur:
1574 1225 1675 1268 Zur
1714 1223 2178 1280 Wiederherstellwny
2216 1225 2294 1268 des
2323 1225 2431 1268 cilte-

1434 1299 1534 1338 stem
1573 1295 1713 1342 occid.
1755 1294 2108 1350 Compendiums
2150 1295 2232 1338 der
2270 1294 2433 1338 Gram-

1434 1366 1578 1409 matik
1620 1381 1651 1422 p
1684 1370 1748 1412 77.
1795 1391 1846 1396 -
1891 1365 2212 1409 ὑποτακτικὸν
2257 1366 2433 1420 ἄρθρον

1434 1435 1559 1491 quod
1596 1450 1719 1479 nunc
1742 1448 1995 1491 pronomen
2024 1435 2267 1478 relativum
2299 1449 2432 1479 voca·

1432 1520 1535 1549 mus
1565 1511 1636 1562 61,
1670 1512 1710 1550 3.
1761 1507 1842 1550 sed
1873 1506 2017 1550 verba
2047 1518 2167 1561 quae
2200 1508 2309 1549 sunt
2328 1509 2431 1550 «καὶ

1434 1578 1528 1622 ἔςτι
1563 1580 1881 1632 προτακτικὸν
1912 1579 1997 1631 μὲν
2029 1579 2076 1630 ὁ,
2107 1577 2431 1620 ὑποτακτικὸν

1431 1649 1481 1691 δὲ
1517 1649 1603 1692 ὅς>>
1643 1648 1951 1692 dubitandum
1991 1649 2062 1690 est
2099 1660 2158 1690 an
2190 1646 2432 1702 Dionysia-

1432 1718 1501 1761 nis
1546 1719 1700 1762 aliena
1746 1732 1908 1762 manus
1954 1716 2210 1761 addiderit:
2256 1733 2296 1761 v.
2330 1719 2430 1761 Zur

1438 1788 1901 1841 Wiederherstellwny
1941 1803 1974 1845 p
2013 1793 2066 1831 76
2110 1792 2158 1831 et
2202 1788 2432 1832 Addenda

1428 1858 1555 1902 XCII
1589 1864 1610 1902 1
1773 1908 1779 1913 ‚

1372 1929 1403 1979 †
1421 1930 1805 1983 ὑποταςςόμενον
1826 1935 1893 1981 61,
1914 1935 1939 1972 2
1963 1929 2126 1986 [atque
2147 1930 2195 1972 in
2216 1929 2362 1973 VHA
2375 1932 2429 1974 fb

1430 1999 1574 2044 etiam
1604 2005 1674 2055 61,
1706 2002 1751 2056 3]
1786 2000 1844 2044 de
1876 2000 2073 2044 articulo
2103 2000 2429 2057 postpositiv0.

1429 2071 1536 2115 vide
1568 2071 1895 2115 adnotationes
1927 2070 1987 2113 ad
2016 2075 2091 2124 61,
2124 2076 2250 2115 2-3
2283 2073 2331 2115 et
2361 2073 2430 2115 cfr

1432 2141 1666 2185 Addenda
1692 2141 1794 2186 XCI
1824 2146 1878 2185 23
1909 2140 2034 2184 XCII
2066 2145 2091 2184 6

1357 2208 1568 2273 “”Υρρας
1600 2213 1672 2256 vel
1701 2212 1857 2268 potius
1877 2214 2050 2268 Ὗρρας
2081 2216 2218 2267 pater
2239 2213 2430 2258 Pittaci:

1428 2285 1581 2340 “Yppa
1610 2288 1678 2336 26,
1713 2290 1738 2328 3

1366 2348 1666 2415 ’Υρράδιος
1705 2354 1780 2398 vel
1815 2353 1972 2410 potius
2005 2354 2245 2409 ’Υρράδιος
2276 2368 2428 2398 exem-

1427 2426 1557 2480 plum
1603 2427 1700 2468 eius
1752 2425 2183 2480 patronymicorum
2234 2425 2427 2479 formae,

1429 2509 1549 2550 quae
1578 2494 1770 2552 propria
1800 2494 1998 2538 Aeolum
2029 2494 2197 2538 dicitur
2227 2500 2296 2545 26,
2327 2501 2353 2539 3

1371 2561 1690 2624 ὑφειμένως
1719 2566 1960 2610 summissa
1978 2579 2081 2610 voce
2110 2565 2327 2609 iubemur
2356 2581 2426 2611 re-

1429 2637 1573 2680 citare
1603 2639 1828 2692 poemata
1856 2636 2075 2693 lugubria
2104 2641 2144 2690 6,
2180 2642 2225 2679 11

1372 2709 1397 2735 *
1414 2709 1551 2764 ὑφὲν,
1582 2709 1628 2761 ἡ,
1662 2707 1709 2750 id
1740 2707 1925 2763 signum
1946 2720 2038 2762 quo
2058 2706 2293 2752 indicatur
2313 2711 2429 2755 duas

1429 2792 1564 2822 voces
1593 2777 1641 2820 in
1671 2791 1811 2820 unam
1832 2778 2112 2834 compositas
2133 2793 2233 2823 esse
2255 2783 2303 2824 et
2322 2795 2427 2837 pro-

1428 2848 1724 2892 nuntiatione
1756 2848 2127 2903 coniungendas3
2168 2864 2289 2905 quae
2320 2865 2425 2895 con-

1427 2918 1606 2963 iunctio
1638 2919 1685 2962 in
1708 2921 1988 2974 προςῳδιῶν
2009 2933 2255 2963 numerum
2277 2922 2427 2966 relata

1429 2990 1522 3043 est,
1553 2988 1744 3045 speciali
1775 2991 1933 3032 autem
1964 2988 2150 3034 nomine
2182 2994 2293 3044 (una
2322 3006 2425 3036 cum

1428 3059 1620 3104 elisione
1667 3061 1715 3103 et
1758 3059 2043 3103 seiunctione
2080 3074 2246 3105 vocum
2288 3063 2425 3106 confi·

1427 3131 1573 3185 nium)
1615 3132 1764 3174 πάθος
1804 3130 2066 3187 appellata:
2115 3137 2217 3185 106,
2253 3138 2273 3176 1
2306 3136 2355 3178 et
2383 3140 2425 3178 4.

1431 3207 1530 3255 107,
1571 3206 1610 3249 5.
1662 3207 1762 3255 113,
1803 3207 1842 3249 5.
1911 3201 1980 3244 cfr
2016 3204 2158 3246 etiam
2197 3203 2292 3247 ind.
2338 3205 2424 3248 sub

1427 3272 1666 3328 προςῳδία

1311 3445 1371 3506 Φ

269 3557 312 3611 ἶρ
342 3555 502 3599 littera
540 3568 796 3600 consonans
837 3561 910 3610 11,
941 3561 981 3599 2.
1035 3561 1110 3610 12,
1142 3562 1168 3600 3
1207 3560 1256 3600 et
1286 3562 1325 3601 5.

330 3630 395 3680 13,
415 3631 440 3669 2
470 3628 518 3670 et
537 3631 578 3672 4.
635 3626 795 3670 littera
824 3626 1203 3671 characteristica
1230 3626 1322 3682 pri-

325 3710 431 3741 mae
461 3696 797 3753 barytonorum
828 3697 1169 3753 coniugationis
1200 3702 1269 3750 54,
1300 3702 1324 3739 2

270 3764 564 3825 φάσγανον
607 3771 676 3823 36,
717 3772 743 3810 6
787 3768 910 3811 inter
952 3770 1144 3812 nomina
1188 3780 1323 3822 syno-

324 3852 466 3894 nyma
495 3839 567 3882 est
596 3850 717 3892 quae
748 3837 961 3894 gladium
991 3837 1259 3894 significant

268 3907 407 3968 φέρε
453 3907 718 3964 exemplum
758 3907 1089 3952 adverbiorum
1126 3907 1321 3952 hortati-

326 3992 491 4023 vorum
522 3983 591 4034 82,
632 3984 647 4020 1

268 4048 608 4110 φερώνυμον
637 4050 788 4102 ὄνομα
818 4061 986 4092 nomen
1009 4049 1134 4105 quod
1157 4049 1215 4092 ab
1240 4047 1321 4091 ali-

1427 3568 1520 3611 quo
1560 3557 1730 3599 eventu
1767 3555 1968 3600 inditum
2007 3559 2078 3601 est
2107 3563 2184 3612 37,
2218 3564 2237 3601 1
2279 3561 2423 3614 atque

1427 3632 1500 3677 33,
1535 3631 1561 3669 2
1592 3626 1759 3680 (altero
1790 3627 1894 3670 loco
1924 3627 2102 3672 incuria
2133 3628 2313 3672 librarii
2343 3629 2423 3674 de-

1426 3698 1497 3740 est
1524 3697 1572 3739 in
1604 3696 1842 3740 codicibus
1874 3697 2084 3754 optimis)

1369 3769 1478 3823 φεῦ
1523 3767 1791 3824 exemplum
1835 3768 2162 3812 adverbiorum
2213 3770 2421 3815 dolorem

1423 3837 1784 3893 significantium
1815 3843 1884 3890 77,
1919 3844 1940 3881 1

1366 3909 1529 3965 φημί.
1589 3909 1737 3963 ἔφαθ’
1773 3908 2061 3952 homericum
2093 3911 2358 3967 exemplum
2380 3903 2420 3956 θ

1423 3977 1611 4022 litterae
1641 3978 1688 4021 in
1716 3982 1748 4022 ἶ
1776 3977 1928 4020 tenuis
1958 3978 2112 4022 locum
2134 3981 2419 4027 substitutae

1423 4049 1531 4092 ante
1561 4048 1778 4104 spiritum
1811 4062 2027 4104 asperum
2061 4055 2128 4103 14,
2154 4056 2195 4099 2.
2239 4053 2420 4107 *ἔφατ’

2000 4121 2086 4164 12*
