2808 4394
801 278 1158 344 (Y'ssPAMMA
1181 319 1234 331 .-
1255 277 1851 339 ςΥΜΠΛΗΡΩΜΑτικός

252 417 609 480 σύγγραμμα.
655 420 1028 476 ςυγγραμμάτων
1057 420 1115 464 de
1136 433 1301 476 prosae

307 489 531 533 orationis
580 491 765 547 scriptis
814 496 861 545 6,
911 495 951 534 5.
1031 491 1303 546 ςύγγραμμα

306 559 572 616 appellatur
610 560 779 604 techne
818 560 864 603 in
895 559 1105 605 scholiis:
1145 559 1202 603 ad
1234 562 1301 603 in·

306 629 605 686 scriptionem
635 630 748 675 artis
778 645 808 688 p
839 635 866 674 3

249 703 670 760 συγγραφεῦσιν
695 701 755 745 de
786 700 1089 757 scriptoribus
1120 701 1201 755 qui
1220 713 1300 756 pe-

305 770 451 814 destri
483 771 691 816 oratione
722 773 918 816 utuntur
947 777 988 826 5,
1020 776 1045 815 2

249 842 637 896 ςυγγραφόμενον
697 844 805 896 (non
856 842 1297 898 προςγραφόμενον)

305 909 363 954 de
394 926 407 955 1
438 911 600 955 littera
629 926 721 956 non
753 911 915 956 audita
951 913 1032 956 sed
1064 910 1301 964 adscripta

303 980 477 1024 dicitur
505 982 554 1024 in
586 982 956 1027 commentarioli
986 980 1194 1037 byzantii
1226 993 1298 1024 co·

302 1051 484 1095 dicibus
513 1051 858 1096 vetustissimis:
888 1051 947 1095 ad
978 1056 1046 1106 58,
1077 1057 1102 1095 3

246 1123 563 1176 ςυγγυμνάζω.
594 1123 1073 1176 ςυγγεγυμναςμένων
1103 1122 1149 1164 iu
1182 1121 1299 1165 Stoi·

301 1204 459 1234 corum
500 1191 766 1236 definitione
802 1193 992 1248 τέχνηςε
1036 1192 1095 1236 ad
1139 1197 1240 1246 115,
1272 1197 1298 1235 3

300 1263 346 1305 in
376 1262 496 1310 med,
526 1276 558 1319 p
592 1267 671 1306 116

246 1333 718 1390 συγκαταθέσεως
755 1334 1047 1389 ἐπιρρήματα
1077 1334 1297 1377 adverbia.

299 1399 543 1447 adnuendi
572 1408 648 1460 78,
682 1409 721 1448 3.
781 1403 839 1447 de
869 1418 954 1447 usu
985 1402 1296 1460 Apolloniano

299 1474 347 1516 et
376 1473 668 1518 Herodianeo
700 1474 805 1518 vide
837 1474 993 1521 adnot.

243 1541 540 1601 σύγκειμαι
579 1545 636 1588 de
677 1545 885 1589 consonis
923 1544 1186 1601 duplicibus
1227 1550 1293 1599 14,

300 1620 338 1661 5.
428 1616 729 1669 *ςυγκεῑςθαι
803 1614 1022 1658 dicuntur
1090 1614 1295 1669 quinque

296 1684 436 1740 primi
479 1686 571 1729 loci
608 1685 867 1729 hexametri
906 1698 962 1728 ex
1001 1684 1190 1741 dactylo
1220 1685 1296 1729 vel

297 1755 503 1810 spondeo
551 1750 667 1809 122,'
686 1761 732 1809 1,
754 1755 759 1759 ’
779 1757 890 1800 item
922 1755 1126 1811 quinque
1156 1755 1295 1811 primi

296 1824 389 1868 loci
426 1825 629 1870 trimetri
667 1825 857 1869 iambici
900 1839 955 1870 ex
1000 1825 1197 1881 pedibus
1228 1825 1293 1868 di-

296 1896 440 1940 versis
473 1901 567 1948 122,
603 1901 654 1940 13

240 1962 529 2026 σύγκρισις
548 1965 597 2008 in
619 1966 964 2010 definitionibus
985 1967 1293 2023 comparativi

294 2037 343 2079 et
371 2035 646 2092 superlativi
675 2041 743 2091 27,
775 2042 814 2084 3.
855 2042 925 2092 28,
956 2043 997 2086 4,
1027 2063 1080 2070 --
1114 2038 1291 2093 ςυγκρί-

294 2119 412 2151 ςεως
456 2107 750 2163 ἐπιρρήματα
798 2108 1019 2152 adverbia
1056 2120 1291 2164 compara—

292 2176 391 2221 tiva
420 2182 488 2232 83,
523 2183 541 2221 1

237 2246 597 2308 συγκριτικὸν
634 2249 784 2303 ὄνομα
821 2262 985 2294 nomen
1022 2251 1291 2306 comparati·

2300 297 2398 348 173

1403 420 1520 463 haec
1559 419 1736 474 classis,
1781 420 1840 463 ab
1879 420 2130 476 ἀθροίςεως
2166 420 2396 466 adverbiis

1404 488 1768 543 haudquaquam
1810 490 2093 546 discrepans,
2138 491 2397 547 posteriore

1402 559 1614 614 tempore
1653 559 1698 602 in
1739 560 1887 603 artem
1919 560 2068 604 inlata
2097 562 2189 604 est:
2236 560 2293 605 ad
2326 566 2396 616 84,

1403 634 1429 673 3
1467 630 1515 672 et
1551 629 1782 672 Addenda
1824 644 1855 685 p
1886 629 2031 673 XCVI
2062 636 2131 677 3¹.
2180 656 2230 663 -
2278 633 2396 687 πρὸς

1402 700 1485 742 τὰς
1532 700 1761 754 ἐπιφοράς
1806 713 1858 743 τε
1898 702 1972 744 καὶ
2010 702 2259 755 ςυλλήψεις
2297 706 2397 746 τῶν

1402 759 1688 813 ἀποδείξεων
1718 768 1913 814 idoneae
1944 770 2163 814 dicuntur
2182 772 2394 815 coniunc-

1399 836 1553 882 tiones
1592 838 1946 883 ratiocinativae
1985 845 2061 896 95,
2092 846 2132 889 2.
2198 843 2248 886 at
2291 856 2393 885 nus-

1401 921 1541 963 quam
1573 910 1765 964 repperi
1785 909 1985 953 alterum
2010 912 2270 968 exemplum
2293 915 2393 956 ςυλ-

1402 979 1594 1034 λήψεως
1624 979 1823 1023 nominis
1852 980 1920 1024 ita
1950 982 2182 1037 usurpati,
2214 983 2268 1026 ut
2299 983 2394 1028 col·

1400 1048 1646 1093 lectionem
1665 1048 1882 1106 logicam,
1897 1050 2238 1096 conclusionem
2250 1054 2394 1111 signi-

1400 1119 1573 1163 ficaret.
1647 1121 1935 1177 quapropter
1995 1121 2139 1165 coicio
2194 1123 2394 1168 scriben-

1399 1189 1509 1232 dum
1548 1203 1648 1234 esse
1692 1192 1810 1245 πρὸς
1847 1192 1930 1235 τὰς
1970 1192 2198 1247 ἐπιφοράς
2235 1208 2287 1238 τε
2319 1198 2394 1239 καί

1400 1261 1699 1316 προςλήψεις.
1774 1261 1843 1305 cfr
1885 1260 2096 1305 Laertius
2133 1262 2267 1319 Diog.
2307 1264 2392 1308 Vll

1401 1335 1426 1384 ξ
1456 1336 1532 1375 76:
1573 1332 1711 1385 λόγος
1742 1333 1793 1376 δέ
1823 1333 1947 1376 ἐςτιν
1979 1333 2064 1383 (ὡς
2094 1333 2139 1377 οἱ
2170 1336 2275 1389 περὶ
2306 1336 2395 1378 τὸν

1401 1402 1556 1457 Κρῖνιν
1587 1402 1716 1457 φαςί)
1748 1403 1805 1445 τὸ
1837 1404 2113 1458 ςυνεςτηκὸς
2144 1405 2195 1448 ἐκ
2217 1407 2392 1461 λήμμα·

1397 1486 1479 1516 τος
1509 1474 1538 1526 ἢ
1570 1473 1830 1528 λημμάτων
1867 1475 1944 1516 καὶ
1975 1476 2286 1529 προςλήψεως
2318 1480 2392 1520 καὶ

1398 1543 1643 1598 ἐπιφορᾶς,
1677 1542 1780 1586 οἷον
1810 1544 1836 1586 ὁ
1867 1547 2104 1589 τοιοῦτος·
2136 1546 2214 1590 «Gi
2245 1548 2393 1603 ἡμέρα

1397 1613 1505 1667 ἑςτί,
1540 1617 1643 1668 φῶς
1674 1614 1815 1658 ἐςτιν.
1863 1614 2034 1669 Ἡμέρα
2064 1616 2114 1658 δέ
2135 1616 2240 1660 ἐςτι.
2283 1619 2392 1662 Φῶς

1397 1685 1486 1738 ἄρα
1517 1684 1655 1728 ἑςτί».
1702 1686 1860 1739 λῆμμα
1892 1686 1977 1737 μὲν
2007 1685 2096 1740 γάρ
2126 1686 2218 1730 ἐςτι
2238 1689 2296 1731 τὸ
2318 1688 2392 1732 «ei

1396 1755 1544 1808 ἡμέρα
1572 1754 1687 1807 ἐςτί,
1726 1758 1832 1808 φῶς
1862 1756 2005 1809 ἐςτι»,
2045 1757 2306 1813 πρόςληψις
2335 1762 2392 1802 τὸ

1396 1825 1602 1879 «Ἡμέρα
1622 1825 1673 1868 δέ
1690 1825 1856 1879 ἐςτιν»,
1888 1825 2092 1880 ἐπιφορὰ
2109 1827 2160 1870 δὲ
2179 1828 2238 1871 τὸ
2254 1830 2392 1873 «Φῶς

1395 1895 1483 1948 ἄρα
1513 1895 1647 1942 ἑςτί».
1709 1895 1758 1938 et
1794 1894 1900 1939 vide
1945 1895 2163 1951 exempla
2192 1909 2313 1951 quae
2344 1899 2390 1941 in

1394 1966 1494 2008 arte
1544 1964 1828 2020 Dionysiana
1877 1966 2243 2020 subsequuntur:
2303 1970 2392 2024 ἄρα

1393 2035 1515 2079 ἀλλά
1545 2036 1761 2090 ἀλλαμήν
1792 2038 1957 2080 τοίνυν
1980 2039 2217 2092 τοιγάρτοι
2240 2053 2390 2093 τοιγα-

1393 2109 1531 2160 ροῦν,
1583 2119 1780 2160 quorum
1831 2106 2033 2162 primum
2088 2110 2136 2151 et
2184 2111 2393 2154 extrema

1392 2175 1485 2218 tria
1515 2176 1746 2231 ἐπιφορὰς
1775 2176 2027 2233 inducunt,
2059 2180 2312 2223 secundum
2344 2184 2392 2224 ct

1391 2244 1583 2289 tertium
1614 2249 1900 2302 προςλὴψεις

293 2331 398 2362 vum
442 2318 635 2376 (yradus
664 2321 1005 2375 comparativus
1044 2334 1100 2364 ex
1131 2323 1290 2365 nostro
1336 2318 1758 2374 συλλογιστικοὶ
1790 2319 2029 2374 ςύνὸεςμοι
2050 2321 2392 2367 coniunctiones

293 2387 514 2444 loquendi
544 2391 647 2445 usu)
678 2395 747 2443 25,
779 2394 819 2438 6.
850 2396 919 2445 27,
950 2398 975 2435 3
1007 2393 1056 2435 et
1084 2397 1109 2435 6

238 2459 470 2516 συζυγία
500 2460 762 2516 coniuyatio
798 2461 827 2506 i.
858 2475 897 2506 e.
937 2462 1096 2506 classis
1126 2465 1289 2509 verbo-

1371 2387 1746 2437 ¹ratiocinativae
1777 2389 2050 2443 (collectivae
2079 2391 2149 2435 vel
2176 2393 2383 2436 rationa-

1392 2457 1455 2501 les
1482 2457 1647 2514 Prisc.)
1676 2463 1746 2512 88,
1778 2464 1817 2503 2.
1850 2465 1918 2514 95,
1951 2465 1976 2503 2

227 2536 233 2537 ’
272 2543 396 2572 -rum
465 2543 585 2585 quae
645 2532 985 2586 consequenter
1043 2532 1292 2578 flectuntur
1336 2529 1645 2585 συμβαίνω.
1676 2530 1770 2574 ἀπό
1803 2545 1927 2575 τινος
1959 2534 2386 2589 ςυμβεβηκότοςίο-

290 2604 374 2654 47,
413 2605 453 2644 2.
503 2606 579 2655 53,
619 2602 747 2645 obis.
796 2607 873 2655 57,
906 2608 932 2646 3
977 2604 1024 2646 et
1054 2609 1094 2647 5.
1144 2610 1218 2659 59,
1250 2611 1287 2653 3.

292 2671 313 2694 *
332 2675 412 2714 125
444 2671 462 2714 I
495 2677 536 2716 3.

292 2741 408 2786 dicit
439 2743 704 2787 ἀκόλουθον
734 2743 962 2798 ῥημάτων
993 2746 1139 2790 κλίςιν
1170 2760 1285 2804 esse,

289 2809 336 2854 id
369 2825 462 2856 non
482 2813 547 2856 sic
569 2812 890 2869 accipiendum
913 2817 983 2859 est
1003 2817 1137 2870 quasi
1157 2818 1286 2861 tech-

292 2882 561 2938 nographus
577 2883 658 2926 illo
674 2884 861 2928 nomine
877 2885 1119 2930 flexionem
1137 2887 1287 2944 ipsam

294 2951 545 3008 significari
562 2955 780 3011 opinatus
795 2955 878 3009 sit3
911 2956 993 3000 sed
1015 2957 1198 3002 brevius
1219 2959 1284 3002 lo-

211 3062 214 3067 ,
290 3024 424 3066 cutus
463 3025 555 3077 est,
595 3024 802 3070 debebat
838 3025 907 3070 ita
943 3028 1061 3071 fere:
1102 3030 1287 3083 ςυζυγία

286 3095 379 3137 ἑςτί
410 3095 619 3151 ςύςτημα
647 3097 874 3152 ῥημάτων
894 3098 1170 3143 ἀκολούθως
1190 3102 1285 3144 κλι-

288 3165 521 3219 νομένων,
580 3165 647 3209 cfr
678 3166 1008 3212 CEASchmidt
1036 3168 1285 3226 Beitraege

290 3248 321 3290 p
345 3239 599 3280 362-364,
624 3261 673 3268 -
699 3238 720 3261 *
739 3239 924 3292 ςυζυγία
944 3239 1141 3283 metrica
1158 3239 1242 3284 XV
1260 3246 1286 3285 8

235 3300 491 3363 συλλαβή
523 3311 590 3362 16,
614 3311 653 3353 7.
687 3313 753 3362 17,
774 3314 813 3356 4.
847 3314 914 3364 19,
937 3313 975 3356 6.
1007 3315 1074 3363 20,
1094 3316 1136 3357 4.
1185 3315 1283 3356 (υλ-

289 3378 438 3433 λαβήν
474 3382 541 3432 10,
564 3382 603 3421 5.
636 3378 657 3401 *
677 3384 770 3433 110,
792 3384 831 3423 5.
892 3380 917 3406 *
933 3382 1026 3435 πρὸ
1057 3385 1162 3434 μιᾶς
1183 3385 1283 3426 ςυλ-

290 3449 434 3501 λαβῆς
454 3451 540 3491 τοῦ
563 3450 729 3494 τέλους
754 3455 848 3503 109,
870 3456 909 3498 3.
944 3455 1037 3504 110,
1069 3457 1110 3498 3.
1152 3453 1173 3476 *
1191 3455 1284 3508 πρὸ

288 3518 374 3560 δύο
405 3519 649 3572 ςυλλαβῶν
678 3524 764 3564 τοῦ
787 3521 951 3565 τέλους
978 3526 1073 3578 109,
1094 3527 1134 3565 4.
1168 3524 1192 3549 *
1209 3525 1283 3568 ςύ-

288 3600 437 3643 ςτημα
469 3590 713 3644 ςυλλαβῶν
746 3595 839 3645 117,
870 3597 896 3635 5

228 3658 542 3711 *ςυλλαβικὸς
585 3658 724 3705 τόνος
769 3664 1064 3718 nuncupatur
1107 3664 1280 3720 gravis,

286 3728 398 3782 quia
428 3742 587 3773 omncs
627 3730 834 3785 syllabae
863 3732 952 3777 hoc
981 3735 1144 3778 tenore
1175 3748 1280 3790 pro-

284 3799 571 3855 nuntiantur,
603 3814 926 3857 quaecumque
942 3817 1092 3860 neque
1111 3818 1279 3848 acuun-

283 3870 360 3912 tur
390 3883 541 3924 neque
573 3871 998 3917 circumflectuntur
1029 3880 1124 3930 110,
1158 3881 1183 3918 5

229 3938 510 3998 σύλληψις
548 3942 594 3984 in
627 3942 892 3987 definienda
921 3943 1104 4000 syllaba
1137 3949 1209 3999 16,
1242 3950 1279 3989 7.

284 4035 335 4042 -·-
373 4014 693 4068 *ςυλλήψεως
732 4014 1280 4069 ἐπιρρήματαηάυενῦιά
1326 4016 1775 4069 ςυμπληρωματικός
1835 4014 1941 4057 vide

284 4083 693 4138 comprehensionis
721 4083 819 4126 sive
850 4084 1125 4128 collectionis
1145 4091 1215 4141 84,
1241 4093 1277 4134 3.

1393 2598 1519 2642 ditur
1547 2614 1716 2644 nomen
1748 2602 2033 2657 φερώνυμον
2065 2608 2130 2657 37,
2168 2611 2188 2646 1

616 2671 738 2726 quod
790 2671 845 2715 D.
892 2675 1106 2728 ςυΖυγίαν
1156 2681 1230 2732 53,
1264 2681 1289 2719 6
1334 2673 1743 2725 συμπλεκτικοὶ
1774 2674 2014 2727 ςύνδεςμοι
2045 2675 2389 2720 coniunctiones

1389 2741 1680 2795 copulativae
1709 2747 1786 2793 87,
1825 2749 1861 2788 1.
1893 2747 1970 2798 88,
2003 2749 2042 2788 3.
2082 2744 2148 2788 cfr
2178 2745 2387 2790 definitio

1390 2811 1540 2855 stoica
1569 2811 1697 2868 apud
1726 2812 1963 2856 Laertium
1995 2813 2082 2858 VII
2113 2819 2137 2867 ἓ
2170 2820 2243 2859 72:
2277 2831 2384 2871 ςυμ-

1390 2884 1718 2936 πεπλεγμένον
1756 2884 1806 2927 δέ
1837 2885 1960 2928 ἐςτιν
1990 2885 2192 2940 ἀξίωμα,
2233 2888 2259 2930 ὃ
2290 2889 2385 2931 ὑπὸ

1388 2966 1533 2996 τινων
1571 2957 1927 3007 ςυμπλεκτικῶν
1974 2957 2240 3011 ςυνδέςμων
2280 2973 2382 3012 ςυμ-

1389 3023 1671 3067 πέπλεκται·
1714 3024 1816 3069 οἷον
1854 3027 1959 3069 «καὶ
1996 3028 2145 3082 ἡμέρα
2184 3028 2278 3073 ἑςτὶ
2309 3032 2383 3072 καὶ

1388 3098 1494 3149 φῶς
1525 3097 1687 3140 ἐςτιν».
1734 3095 2058 3151 complectitur
2088 3099 2243 3141 autem
2266 3098 2380 3142 haec

1388 3165 1545 3209 classis
1583 3165 1710 3220 apud
1740 3165 2014 3220 Dionysium
2053 3167 2208 3222 plures
2245 3181 2383 3213 voces

1388 3249 1529 3290 quam
1561 3249 1676 3292 quas
1697 3249 1779 3279 nos
1801 3236 2092 3292 copulativas
2112 3251 2382 3295 nuncupare

1387 3305 1610 3360 solemus,
1659 3308 1799 3361 atque
1844 3307 1984 3350 etiam
2031 3309 2155 3364 apud
2194 3309 2382 3365 Apollo-

1386 3377 1513 3420 nium
1566 3376 1816 3432 Dyscolum
1866 3377 1997 3433 (vide
2050 3379 2108 3422 de
2159 3378 2383 3423 adverbio

1387 3453 1507 3504 5923,
1526 3447 1578 3491 B.
1612 3469 1666 3484 =
1700 3452 1817 3503 180„
1848 3447 1983 3492 Schu.
2018 3451 2103 3503 μέν
2133 3451 2197 3493 δέ.
2266 3455 2382 3506 (518¹3

1384 3539 1439 3554 =
1459 3523 1562 3574 2044
1591 3520 1675 3566 δέ..
1708 3520 1824 3574 synt.
1850 3523 1912 3576 922
1931 3521 2069 3574 ἤτοι).
2119 3522 2285 3564 nostris
2306 3534 2379 3563 co-

1384 3588 1604 3643 pulativis
1649 3587 1838 3644 Trypho
1887 3591 1971 3633 aut
2013 3590 2223 3647 superior
2266 3591 2380 3647 Try-

1385 3659 1539 3714 phone
1562 3658 1799 3703 technicus
1821 3658 2024 3715 speciale
2041 3674 2210 3706 nomen
2232 3663 2381 3717 ἀθροι-

1385 3733 1553 3773 ςτικῶν
1591 3728 1762 3773 indidit
1806 3729 1929 3783 (vide
1969 3731 2122 3787 Apoll.
2170 3732 2227 3776 de
2263 3734 2379 3780 coni.

1384 3805 1503 3855 496„
1524 3805 1625 3855 4974
1642 3821 1696 3837 =
1713 3806 1815 3857 ‘2305
1834 3808 1906 3857 20),
1927 3814 2019 3856 quo
2036 3803 2221 3846 nomine
2240 3803 2378 3847 etiam

1383 3869 1660 3927 Apollonius
1697 3875 1885 3928 praeter
1922 3873 2190 3927 generalem
2222 3873 2379 3930 appel·

1383 3940 1603 3985 lationem
1628 3943 1776 3986 utitur
1793 3945 1931 3998 (synt,
1949 3948 2038 3998 87,,
2057 3970 2095 3997 2.)
2117 3948 2260 4000 ¹2²1³3
2285 3947 2376 3999 865)

1999 4018 2378 4071 παραπληρωμα·

1380 4085 1507 4127 τικός
