2814 4400
378 277 616 322 XXXVIII
1054 274 1135 318 DE
1165 273 1247 317 EA
1277 260 1853 317 INTERPRETATIONE

527 409 570 458 1.
614 404 929 457 Monacensi
968 405 1058 474 (v.¹
1081 420 1241 471 supra
1276 420 1311 470 p
1338 399 1525 454 XVIII
1553 400 1661 471 13),
1702 399 1844 468 apud
1882 416 1982 451 nos
2019 400 2114 458 σΜ.

524 490 575 543 2.
613 488 861 541 Leidensi
901 492 968 554 (v.
997 507 1032 558 p
1058 485 1296 540 XXVIII
1322 487 1446 554 40),
1488 484 1629 554 apud
1665 502 1766 537 nos
1804 486 1891 544 01¹.

524 576 573 627 3.
613 573 1025 642 Hamburgensi,
1066 572 1159 624 ubi
1184 574 1330 624 totus
1359 569 1775 623 commentarius
1801 569 1941 622 sicut
1965 569 2022 620 in
2048 567 2295 621 Leidensi
2319 567 2547 637 legitur3

381 661 519 730 apud
556 676 655 711 nos
695 658 784 717 σΗ.
1635 659 1637 661 ’
2064 654 2066 656 ’

521 744 573 797 4.
637 760 701 795 ex
751 742 995 795 Parisino
1051 741 1192 795 2594
1253 739 1447 793 saeculi
1499 738 1631 806 XV,
1692 739 1750 791 in
1802 740 1949 792 cuius
2005 738 2148 790 foliis
2210 737 2551 791 105r—118v
2592 752 2615 786 5
2673 707 2678 715 x

383 833 525 882 totus
563 828 760 898 legitur
797 829 1017 896 excepto
1054 826 1212 878 initio
1258 842 1425 893 usque
1463 824 1530 877 ad
1580 843 1615 892 p
1651 823 1766 892 25,0
1817 823 1898 877 ed.
1950 822 2360 892 Hilgardianae;
2411 823 2552 892 apud

382 932 479 967 nos
518 914 612 973 6¹³.

523 998 576 1051 5.
616 1017 679 1050 ex
726 997 971 1050 Parisino
1017 995 1158 1049 2558
1213 1013 1348 1047 saec.
1395 993 1549 1062 XVI,
1610 994 1757 1046 cuius
1814 993 1946 1046 folia
1994 993 2250 1046 42r—52v
2306 991 2556 1046 exhibent

383 1102 517 1153 quae
567 1102 598 1135 a
625 1102 659 1151 p
685 1084 801 1152 3124
852 1100 1016 1151 usque
1064 1080 1130 1133 ad
1180 1080 1379 1133 exitum
1416 1079 1670 1148 leguntur
1706 1078 1996 1147 praemissa
2033 1077 2180 1131 brevi
2221 1078 2284 1131 de
2323 1078 2554 1148 singulis

385 1169 579 1221 litteris
635 1167 996 1236 expositione,
1055 1166 1146 1218 ubi
1202 1164 1365 1217 habes
1414 1163 1660 1232 Dionysii
1717 1165 2002 1236 praecepta
2048 1165 2107 1231 (ξ
2132 1163 2189 1232 6)
2245 1163 2443 1232 partim
2492 1163 2550 1216 in
2574 1176 2623 1210 1⁰-

386 1255 615 1307 formam
672 1252 1070 1304 erotematicam
1129 1267 1382 1302 conversa
1447 1252 1501 1300 et
1572 1248 1776 1301 adiecta
1839 1247 2131 1316 nonnulla,
2199 1265 2332 1316 quae
2393 1247 2556 1301 etiam

386 1340 443 1391 in
502 1336 837 1391 catechismis
894 1335 1240 1405 Dionysianis
1301 1334 1671 1401 inveniuntur3
1741 1333 1881 1402 apud
1936 1351 2034 1386 nos
2067 1334 2145 1393 σΡ.
2238 1335 2319 1386 est
2363 1322 2557 1405 *autem

384 1423 436 1476 N
449 1421 730 1490 ephonis
791 1438 922 1489 opus
982 1422 1118 1472 teste
1188 1419 1563 1488 inscriptione:
1641 1419 1846 1485 Νήφων
1914 1417 2039 1489 (sic)
2099 1422 2358 1485 μοναχοῦ,
2420 1419 2558 1486 τάχα

385 1505 771 1574 Ζωγράφου*),
812 1507 932 1570 περὶ
971 1506 1244 1570 στοιχείων
1282 1505 1367 1558 καὶ
1403 1506 1516 1557 τῶν
1553 1502 1601 1569 η’
1626 1507 1803 1568 μερῶν
1839 1508 1936 1557 τοῦ
1974 1504 2142 1571 λόγου
2169 1503 2558 1570 ἑρμηνευθὲντα

386 1594 518 1646 κατὰ
556 1592 798 1658 δύναμιν,
838 1608 937 1642 nec
976 1589 1153 1642 minus
1191 1591 1327 1641 teste
1363 1588 1783 1656 subscriptione:
2581 1599 2624 1634 τε

866 1719 1023 1772 τέλος
1063 1718 1286 1784 εἴληφεν
1325 1717 1466 1771 ὀκτὼ
1506 1718 1636 1783 μέρη
1675 1721 1771 1770 τοῦ
1812 1716 1980 1779 λόγου

868 1805 1004 1870 χειρὶ
1041 1803 1319 1870 γραφέντα
1356 1802 1571 1871 ῥυπαρᾷ
1607 1803 1691 1856 καὶ
1730 1802 1952 1872 ταλαίνῃ

869 1893 1110 1955 μοναχοῦ
1149 1889 1374 1956 νήφων,
1412 1888 1548 1955 τάχα
1586 1888 1646 1940 δὲ
1684 1889 1770 1941 καὶ
1806 1888 2118 1955 Ζωγράφου.

868 1974 934 2026 τὰ
972 1974 1175 2039 μέλανα
1211 1975 1306 2038 μὲν
1344 1977 1453 2026 τῶν
1492 1973 1657 2025 πάλαι
1694 1973 2047 2037 διδαςκάλων,

867 2059 934 2111 τὰ
971 2060 1030 2111 δὲ
1069 2059 1265 2123 ἐρυθρὰ
1302 2058 1473 2123 κάμοῦ
1510 2061 1608 2110 τοῦ
1647 2058 1967 2122 τριςαθλὶου.
2580 2045 2646 2103 ao>

530 2187 581 2239 6.
621 2205 685 2239 ex
710 2184 1009 2239 Havniensi
1053 2165 1206 2236 1965
1226 2202 1360 2238 saec.
1389 2182 1520 2252 XV,
1561 2184 1710 2237 cuius
1745 2202 1781 2253 p
1805 2184 2091 2238 439—458
2119 2186 2561 2240 commentarium

393 2272 651 2325 exhibent
693 2271 817 2323 inde
856 2270 924 2322 ab
963 2270 1093 2321 artis
1132 2268 1468 2339 paragrapho
1501 2269 1594 2338 123
1633 2268 1772 2338 apud
1809 2287 1908 2322 nos
1947 2270 2034 2328 σΚ.

534 2370 915 2423 Monacensem
935 2369 1252 2422 Leidensem
1273 2368 1740 2438 Hamburgensem
1758 2368 2124 2423 Havniensem
2144 2370 2258 2440 ipse
2274 2371 2564 2443 Hilgardus
2642 2420 2652 2428 .

393 2456 646 2520 excussit,
709 2455 980 2507 Parisinos
1029 2453 1529 2506 Maximilianus
1579 2452 1840 2506 Bonnet
1888 2455 2139 2522 contulit,
2191 2475 2295 2526 quo
2345 2457 2563 2512 homine

391 2541 525 2593 nihil
566 2543 671 2608 est,
713 2541 925 2609 opinor,
965 2538 1256 2592 liberalius,
2586 2550 2630 2605 2⁵

535 2625 644 2677 Iam
693 2624 948 2677 debebam
994 2624 1270 2693 promissis
1318 2626 1458 2676 stare
1496 2643 1630 2694 quae
1666 2623 1961 2694 Hilgardus
2000 2643 2033 2694 p
2060 2625 2127 2678 23
2166 2630 2222 2679 et
2254 2621 2566 2697 Egenolffus

393 2710 790 2780 Philologische
810 2709 1132 2762 Rundschau
1155 2709 1290 2764 1882
1310 2709 1462 2778 p462
1481 2727 1600 2762 meo
1620 2710 1910 2778 promisere
1931 2711 2161 2775 nomine,
2189 2729 2409 2780 quorum
2430 2711 2568 2765 alter

394 2814 524 2865 quae
562 2795 699 2848 ratio
739 2796 880 2847 inter
919 2795 1153 2865 singulos
1194 2795 1400 2855 codices
1438 2795 1790 2848 intercederet
1824 2795 2232 2864 explanaturum
2258 2815 2343 2850 me
2368 2814 2482 2851 esse
2507 2798 2566 2851 in

394 2880 721 2950 praefatione
770 2867 990 2932 editibni
1028 2881 1157 2933 artis
1204 2880 1521 2949 praemissa,
1569 2879 1702 2933 alter
1747 2880 1889 2933 hunc
1933 2881 2125 2934 mirum
2174 2881 2433 2935 Sanctum
2479 2901 2565 2936 me

393 2970 690 3019 secaturum
729 2984 842 3018 esse
880 2965 1028 3020 dixit.
1079 2969 1135 3018 at
1169 2967 1310 3021 ultra
1338 2983 1492 3035 posse
1515 2969 1770 3021 neminem
1807 2967 2031 3035 obliyari
2068 2973 2129 3019 ut
2165 2967 2302 3020 male
2339 2968 2565 3022 latinum
2586 2984 2630 3019 ³0
2727 2996 2729 3001 ¹

396 3056 470 3103 ita
519 3052 649 3102 bene
696 3052 893 3103 iustum
941 3069 1053 3104 esse
1092 3052 1209 3121 quis
1247 3054 1328 3104 est
1366 3053 1457 3121 qui
1494 3051 1692 3121 neget?
1733 3070 1859 3122 ergo
1897 3052 2028 3104 haec
2066 3070 2210 3104 nunc
2248 3069 2571 3124 quamquam,

395 3155 503 3188 non
543 3137 814 3188 sufficiunt
852 3136 1137 3189 sufficiant.

538 3221 876 3273 Monacensis
948 3225 1002 3274 et
1069 3221 1342 3275 Leidensis
1414 3221 1596 3274 eodem
1662 3222 1997 3291 cognationis
2066 3221 2278 3275 vinculo
2338 3222 2395 3274 in
2462 3221 2566 3276 hoc

400 3306 834 3359 commentariolo
874 3309 1031 3375 atque
1068 3306 1126 3358 in
1162 3307 1380 3376 reliquis
1406 3325 1541 3375 quae
1579 3307 1838 3375 praebent
1875 3307 2086 3375 scriptis
2124 3306 2394 3360 coniuncti
2422 3310 2562 3361 sunt.

398 3410 579 3443 verum
637 3409 747 3442 non
803 3394 1078 3458 praestant
1132 3390 1189 3443 hi
1239 3391 1447 3444 codices
1488 3390 1675 3444 ceteris
1713 3391 1851 3444 sicut
1893 3392 1949 3444 in
1997 3399 2110 3444 arte
2160 3410 2249 3446 eos
2295 3394 2562 3461 praestare
2585 3410 2629 3443 35

400 3479 574 3545 patet3
625 3474 715 3526 sed
754 3474 897 3527 haud
935 3476 1116 3543 paucis
1155 3475 1312 3543 locis,
1353 3476 1444 3528 ubi
1490 3475 1591 3528 ML
1628 3475 1919 3545 depravata
1955 3476 2234 3545 exhibent,
2280 3477 2337 3528 in
2378 3477 2567 3538 ceteris

398 3559 665 3613 codicibus
712 3559 955 3611 omnibus
1008 3564 1098 3613 aut
1134 3561 1301 3613 ternis
1338 3563 1431 3613 aut
1466 3560 1606 3613 binis
1645 3563 1738 3613 aut
1773 3560 1996 3631 singulis
2033 3561 2378 3615 inveniuntur
2432 3579 2572 3632 quae

402 3662 524 3697 vera
563 3647 656 3696 aut
692 3644 830 3695 veris
867 3645 1115 3713 propiora
1152 3648 1277 3698 sunt
1314 3663 1414 3698 nec
1450 3649 1629 3698 tamen
1678 3645 2011 3699 coniecturae
2049 3645 2229 3699 deberi
2266 3645 2566 3700 existimare

543 3844 592 3898 *J
623 3843 691 3885 cfr
729 3854 848 3897 quae
888 3841 1000 3884 mihi
1032 3840 1269 3886 Bonnetus
1311 3844 1555 3901 exscripsit
1592 3857 1649 3888 ex
1681 3843 1890 3888 Parisino
1927 3848 2058 3888 1704:
2097 3847 2125 3899 ἡ
2159 3847 2373 3900 παροῠςα
2403 3836 2559 3899 βίβλος
2585 3853 2629 3886 ω

406 3914 501 3957 ἐςτί
550 3913 781 3969 γεωργίου
827 3918 1039 3957 ςταςινοῦ
1086 3914 1204 3966 τάχα
1250 3916 1324 3957 καὶ
1372 3916 1626 3970 ζωγράφου
1666 3914 1749 3970 (fol
1778 3919 1822 3958 3r
1852 3916 1900 3957 in
1932 3914 2144 3970 margine
2175 3914 2235 3959 ab
2264 3928 2324 3959 m.
2354 3916 2469 3970 rec.)
2515 3914 2566 3958 et

409 3985 620 4037 εὔχεςθαι
653 3987 852 4039 πατέρες
885 3984 958 4027 διὰ
988 3985 1076 4027 τὸν
1108 3985 1269 4038 κύριον
1301 3987 1419 4041 ὑπὲρ
1451 3990 1535 4042 τῆς
1565 3989 1718 4040 ψυχῆς
1750 3989 1839 4029 τοῦ
1868 3986 2152 4041 ἁμαρτωλοί)
2183 3983 2414 4040 γεωργίου
2444 3984 2564 4039 τάχα

419 4055 675 4109 ζωγράφου
706 4059 791 4098 τοῦ
823 4056 1015 4109 ἔχοντος
1044 4056 1133 4109 τὴν
1165 4053 1321 4108 βίβλον
1350 4057 1532 4112 ταύτην
1564 4055 1645 4111 (sol
1668 4059 1739 4098 16r
1766 4055 1878 4099 item
1910 4055 1957 4100 in
1987 4056 2197 4114 margine
2226 4055 2286 4102 ab
2315 4069 2374 4099 m.
2406 4057 2530 4112 rem).
