2808 4394
907 296 1269 342 EXPLICATIO
1301 295 1792 341 COMPENDIORVM
2320 297 2423 350 217

521 465 847 510 Erotemata
885 463 1247 521 grammatica
1286 474 1361 508 ex
1396 466 1517 508 arte
1534 462 1897 519 ,Dionysiana
1936 462 2175 508 oriunda

1050 570 1092 602 v.
1121 569 1153 611 p
1184 554 1284 598 XLI
1315 554 1567 598 24—XLlI
1596 559 1651 598 30

272 644 338 687 Es
368 662 422 677 =
453 641 725 685 Erotemata
754 641 1092 691 vetustissima,
1124 652 1245 695 quae
1276 639 1397 682 liber
1428 638 1925 694 Guelferbytanus
1955 639 2159 683 exhibet.

270 713 341 757 Eb
372 732 427 748 =
456 711 728 756 Erotemata
758 725 786 755 a
816 709 1031 755 Manuele
1063 709 1438 765 Moschopulo
1470 710 1693 753 correcta.

524 782 596 826 ed.
626 782 798 838 princ:
831 794 888 824 ea
916 793 1036 835 quae
1067 780 1249 824 saeculo
1280 779 1365 822 XV
1396 778 1494 823 sine
1524 779 1616 822 loci
1647 780 1815 823 annive
1846 780 2088 824 notatione
2119 781 2310 837 prodiit,
2340 797 2425 838 pu·

608 853 738 895 tatur
775 850 1001 908 prodiisse
1039 848 1293 893 Mediolani
1331 853 1455 893 circa
1493 863 1666 893 annum
1700 855 1807 894 1493
1846 864 1992 906 opera
2031 850 2259 895 Demetrii
2289 851 2425 896 chal-

612 921 856 977 condylae.

523 993 596 1038 ed.
628 991 803 1036 wald:
837 991 1048 1035 Basileae
1081 1004 1139 1034 ex
1169 990 1358 1034 officina
1387 990 1574 1034 Ioannis
1604 990 1816 1035 Walderi
1850 996 1971 1039 1540,

526 1063 629 1107 Bas.
666 1063 717 1106 L:
751 1063 898 1106 codex
931 1061 1210 1105 Basileensis
1239 1060 1274 1103 F
1305 1061 1415 1104 VIII
1452 1067 1516 1106 13.

525 1134 634 1180 Bas.
668 1133 734 1176 11:
765 1132 913 1176 codex
945 1131 1224 1176 Basileensis
1257 1130 1293 1175 Ο
1325 1130 1390 1174 IV
1421 1136 1488 1175 26.

456 1204 728 1248 Erotemata
758 1202 1046 1259 Dionysiana
1077 1215 1197 1256 quae
1227 1202 1276 1245 in
1307 1202 1429 1245 Nili
1461 1202 1564 1247 Chii
1594 1202 1850 1246 enchiridio
1882 1203 2120 1259 leguntur.

451 1274 724 1319 Erotemata
750 1272 1073 1318 recentissima
1101 1287 1221 1329 quae
1250 1273 1450 1329 praebet
1481 1273 1580 1317 cod.
1612 1272 2020 1330 Tubingensis.

274 1209 341 1251 Ev

267 1279 330 1323 Ει

272 1349 319 1391 Ε
451 1358 701 1390 consensus
730 1344 896 1387 horum
929 1344 1255 1389 erotematum.

731 1640 1041 1697 Scriptores
1077 1641 1301 1684 veteres
1339 1650 1657 1696 eorumque
1696 1638 1974 1684 editiones

412 1747 751 1791 Latinorum
800 1745 1275 1803 artigraphorum
1313 1745 1441 1789 locos
1480 1746 1548 1789 ita
1585 1745 1813 1796 indicavi,
1860 1746 1915 1788 ut
1951 1745 2130 1788 nomini
2168 1745 2428 1789 subicerem

271 1831 491 1874 numeros
532 1820 581 1862 et
616 1819 732 1861 tomi
772 1819 820 1862 et
858 1817 1061 1874 paginae
1101 1816 1310 1872 syllegae
1341 1816 1609 1868 Keilianae‚
1653 1830 1758 1860 raro
1790 1816 2011 1860 adderem
2045 1816 2189 1860 etiam
2221 1815 2330 1859 libri
2359 1815 2428 1858 in-

275 1888 591 1945 scriptionem.

413 1959 482 2003 De
513 1960 740 2016 graecis
771 1958 1164 2015 scriptoribus
1194 1959 1309 2002 haec
1341 1957 1588 2012 sufficient,
1621 1959 1764 2002 immo
1795 1972 2014 2016 magnam
2037 1960 2220 2015 partem
2242 1971 2430 2014 prorsus

271 2043 624 2086 supervacanea
653 2030 793 2074 erunt
822 2030 887 2074 eis
918 2030 999 2086 qui
1029 2030 1360 2087 grammaticos
1390 2030 1556 2074 studiis
1587 2030 1680 2073 suis
1710 2029 1995 2087 attigerunt:

268 2129 350 2174 AO
387 2151 442 2166 =
474 2129 682 2174 Crameri
714 2129 946 2174 anecdota
975 2142 1146 2186 graeca
1175 2130 1471 2174 Oxoniensia.

273 2201 350 2244 ΑΡ
381 2222 436 2237 =
469 2200 675 2245 Crameri
706 2200 939 2244 anecdota
967 2212 1141 2256 graeca
1170 2200 1465 2247 Parisiensia.

269 2273 359 2327 Ap.
381 2271 464 2326 D.‚
502 2271 656 2327 Apoll.
680 2270 737 2323 D.
767 2292 821 2307 =
852 2270 1129 2327 Apollonius
1165 2271 1405 2328 Dyscolus.
1467 2271 1516 2314 in
1566 2272 1775 2326 syntaxis
1814 2271 1928 2315 locis
1965 2270 2283 2328 significandis
2320 2283 2431 2312 usus

525 2357 626 2385 sum
660 2343 759 2386 sola
787 2342 992 2386 Bekkeri
1023 2343 1250 2396 editione;
1296 2343 1441 2386 libros
1470 2342 1676 2386 minores
1712 2343 1783 2386 ita
1811 2342 2091 2398 plerumque
2122 2341 2334 2390 laudavi,
2379 2341 2433 2383 ut

532 2413 731 2470 paginas
761 2415 811 2457 et
838 2413 1155 2458 Bekkerianas
1186 2415 1235 2458 et
1266 2413 1484 2457 editionis
1513 2413 1829 2458 RSchneideri
1858 2412 2131 2458 indicarem.

274 2484 395 2536 Arc„
427 2484 594 2527 Arcad.
626 2505 681 2521 =
712 2484 897 2528 Arcadii
935 2489 1018 2540 qui
1056 2485 1228 2528 dicitur
1267 2484 1477 2541 epitoma
1515 2484 1775 2528 catholicae
1815 2483 2155 2527 Herodianeae.
2226 2483 2431 2540 paginae

523 2555 714 2599 notatae
732 2557 841 2598 sunt
857 2554 1076 2599 editionis
1092 2554 1300 2599 Mauritii
1317 2554 1576 2609 Schmidtii,
1592 2568 1919 2612 nonnusquam
1937 2555 2080 2598 etiam
2099 2553 2434 2600 Barkerianae.

271 2625 354 2669 BA
384 2646 439 2662 =
469 2625 505 2672 Ι.
535 2625 738 2669 Bekkeri
769 2626 1002 2670 anecdota
1029 2639 1215 2682 graeca.

275 2696 447 2751 Chalc.²
481 2696 731 2749 Chalcond.
762 2717 818 2733 =
849 2696 1079 2741 Demetrii
1110 2696 1454 2753 Chalcondylae
1491 2697 1753 2740 erotemata
1789 2695 2112 2753 grammatica.
2180 2710 2289 2739 usus
2327 2709 2430 2738 sum

525 2768 575 2811 in
604 2767 721 2812 locis
753 2767 1069 2824 significandis
1100 2768 1306 2812 editione
1337 2767 1596 2811 Basileensi
1626 2782 1668 2812 a.
1701 2772 1825 2814 1546.

274 2838 458 2893 Choer.,
499 2838 726 2886 Choerob.
764 2838 896 2882 nulla
935 2838 1044 2882 libri
1073 2839 1376 2896 inscriptione
1408 2838 1572 2881 addita
1601 2860 1656 2875 =
1688 2837 1879 2895 Georgii
1910 2837 2220 2882 Choerobosci
2250 2837 2430 2882 dictata

521 2909 571 2952 in
602 2909 856 2954 Theodosii
886 2923 1099 2961 canones,
1133 2924 1254 2966 quae
1283 2910 1472 2965 integra
1502 2908 1654 2952 edidit
1682 2908 1954 2954 Gaisfordus
1985 2908 2069 2952 Ox.
2103 2912 2227 2952 1842.

271 2980 447 3037 Chrys,
483 2980 693 3036 Chrysol.
725 3001 780 3016 =
810 2979 1042 3025 Manuelis
1063 2980 1369 3037 Chrysolorae
1401 2981 1660 3024 erotemata
1689 2979 2012 3037 grammatica.
2056 2993 2166 3022 usus
2198 2994 2300 3022 sum
2332 2978 2428 3023 edi-

523 3051 653 3095 tione
683 3051 860 3095 Aldina
889 3052 1000 3095 anni
1033 3056 1156 3096 1512.

273 3121 456 3178 Dexop.
486 3121 535 3164 in
566 3121 801 3177 Aphthon.
841 3143 895 3158 =
935 3121 1196 3179 Dexopatri
1231 3121 1452 3166 homiliae
1490 3122 1538 3164 in
1577 3121 1902 3178 Aphthonium
1943 3135 2065 3177 quae
2111 3120 2331 3179 leguntur
2375 3121 2426 3164 in

531 3191 772 3236 rhetorum
802 3207 1078 3249 graecorum
1110 3194 1330 3238 editionis
1361 3192 1631 3237 Walzia-nae
1663 3194 1791 3236 tomo
1822 3192 1879 3236 II.

273 3263 352 3307 EG
384 3284 439 3300 =
469 3262 846 3319 Etymologicum
877 3263 1158 3309 Gudianum.

271 3333 359 3377 EM
387 3354 442 3370 =
473 3333 851 3390 Etymologicum
879 3334 1117 3392 Magnum.

273 3404 425 3460 Epim.
456 3404 594 3448 Hom.
622 3425 678 3441 =
708 3404 1006 3462 Epimerismi
1035 3406 1274 3451 Homerici
1312 3420 1341 3450 a
1370 3406 1590 3450 Cramero
1627 3406 1676 3449 in
1714 3406 2050 3451 anecdotorum
2088 3405 2429 3451 Oxoniensium

525 3477 639 3522 tom.
671 3477 691 3519 I
724 3476 852 3520 editi.
2075 3468 2080 3471 ⁷

274 3545 482 3602 epitoma
511 3567 566 3582 =
596 3548 794 3603 ἐπιτομὴ
827 3549 908 3592 νέα
938 3553 1281 3604 γραμματικῆς,
1311 3550 1441 3593 cuius
1471 3549 1674 3605 priorem
1705 3548 1891 3604 partem
1919 3547 2095 3592 Titzius
2126 3549 2176 3592 et
2209 3547 2425 3606 Egenolf-

527 3617 601 3662 fus
633 3618 836 3663 edidere.
897 3635 939 3664 v.
970 3620 1118 3676 praef.
1149 3635 1181 3677 p
1212 3619 1326 3664 XLI.

274 3687 400 3732 Gaza
429 3708 484 3723 =
516 3687 751 3733 Theodori
790 3689 942 3734 Gazae
980 3690 1267 3735 introductio
1304 3689 1625 3748 grammatica.
1685 3690 1887 3747 paginae
1927 3704 2042 3746 quas
2081 3689 2289 3733 indicavi
2321 3691 2431 3734 sunt

525 3758 743 3802 editionis
772 3760 1055 3805 Basileensis
1086 3776 1127 3807 a.
1160 3767 1283 3806 1529.

272 3829 425 3886 Heph.
456 3850 510 3866 =
541 3829 902 3886 Hephaestionis
932 3831 1222 3894 enchiridion
1255 3836 1360 3888 περὶ
1392 3834 1590 3889 μέτρων.
1650 3834 1852 3890 paginae
1884 3833 1993 3875 sunt
2025 3832 2245 3876 editionis
2268 3831 2424 3877 West-

524 3900 775 3957 phalianae
806 3902 872 3956 (in
902 3904 1183 3959 scriptorum
1212 3904 1346 3947 metr.
1379 3918 1448 3959 gr.
1478 3905 1570 3951 vol.
1601 3903 1655 3959 Ι).

273 3970 444 4015 Herod.
476 3993 531 4008 =
561 3971 856 4016 Herodianus
892 3973 1287 4031 technographus.
1356 3974 1419 4018 Lz
1458 3974 1626 4019 litteris
1655 3975 1816 4020 notavi
1848 3975 2175 4019 collectionem
2207 3972 2426 4030 reliquia-

526 4057 630 4085 rum
669 4042 1069 4087 Herodianearum
1107 4044 1166 4088 ab
1205 4043 1438 4089 ALentzio
1478 4044 1810 4101 compositam,
1856 4045 1915 4090 Ls
1959 4044 2127 4089 litteris
2167 4044 2424 4088 editionem

529 4112 834 4158 Lehrsianam
874 4113 1098 4158 librorum
1128 4115 1271 4159 trium
1301 4114 1719 4161 Herodianeorum.
1806 4115 1857 4160 B.
1890 4117 1939 4160 et
1967 4115 2122 4163 Schm.
2161 4115 2428 4173 significant
