2808 4394
470 266 569 316 122
1209 263 1788 308 SVPPLEMENTVM
1819 266 1886 309 111

465 394 803 457 ςυγκειμένας
849 392 958 456 ἔχει
997 393 1054 444 ἔκ
1100 410 1156 444 τε
1195 394 1458 446 δακτύλου
1497 395 1579 446 καὶ
1619 395 1926 457 ςπονδείου,
1978 395 2149 447 ἐνίοτε
2195 397 2254 447 δέ
2301 397 2386 448 καὶ
2432 399 2620 461 παλιμ-

466 476 708 541 βάκχειον
747 476 831 527 καὶ
857 475 1195 542 ἀμφίμακρον
1231 478 1454 543 δέχεται,
1496 481 1761 543 καθαροὺς
1788 479 1968 544 μέντοι
1994 478 2162 532 καὶέν
2187 479 2327 533 τάξει
2361 483 2396 545 †
2433 484 2619 533 δακτυ-

466 562 614 612 λικοῦ
637 561 924 624 κειμένους.
973 564 1195 625 καθαροὶ
1217 563 1275 615 δέ
1298 563 1419 615 εἰςιν
1442 562 1530 615 ὅτ’
1556 564 1621 616 ἂν
1649 563 1999 628 ἀπαρτίζωςιν
2020 562 2093 615 εἰς
2132 563 2290 627 μέρος
2330 565 2497 626 λόγου
2536 566 2620 617 καὶ

464 645 561 708 τὴν
601 645 997 709 ἐπιφερομένην
1037 649 1301 711 ςυλλαβήν
1341 647 1644 713 ἀρχομένην
1683 648 1874 712 ἐχωςιν
1913 647 2021 700 ἀπὸ
2049 648 2381 712 φωνήεντος,
2420 648 2480 701 ὅς
2517 648 2622 700 ἐςτι

407 734 436 780 5
465 729 900 796 παλιμβάκχειος,
941 729 1015 781 ὡς
1053 730 1113 782 τὸ
1154 731 1429 796 «πλάγχθη
1469 732 1583 784 ἐπεὶ
1608 732 1800 797 Τροίης
1824 731 1983 796 ’ἱερὸν
2008 732 2327 795 πτολίεθρον
2366 731 2618 797 ἔπερςεν»

461 813 530 879 <α
566 812 665 879 2>·
715 813 1022 879 ἀπήρτιςταῑ
1071 815 1144 869 εἰς
1191 816 1352 880 μέρος
1399 817 1566 881 λόγου
1621 817 1684 869 τὸ
1741 816 2042 880 πλάγχθη
2099 817 2184 868 καὶ
2240 815 2456 880 ἄρχεται
2510 816 2619 870 ἀπὸ

461 898 780 962 φωνήεντος
816 902 914 951 τοῦ
951 903 995 952 ἒ.
1071 899 1433 968 ἀμφίμακρος,
1473 900 1546 952 ῶς
1583 901 1646 953 τὸ
1700 900 1798 952 «οὔ
1836 899 1884 952 τί
1921 917 2011 964 μοι
2048 899 2181 965 αἰτίη
2231 900 2353 963 ἐςςί,
2406 901 2520 953 θεοί
2555 902 2619 954 νύ

461 999 548 1046 μοι
587 981 743 1034 αἴτιοί
781 982 939 1036 εἰςιν»
981 985 1048 1051 <Γ
1089 984 1242 1052 164).
1306 985 1378 1038 εἰς
1415 986 1517 1050 γὰρ
1557 986 1717 1049 μέρος
1755 985 1922 1048 λόγου
1962 985 2269 1049 ἀπήρτιςταῑ
2305 985 2338 1049 ἡ
2378 989 2465 1049 [iffi
2501 988 2621 1038 ςυλ-4
2674 969 2682 984 ’

461 1067 598 1131 λαβὴ
647 1068 732 1119 καὶ
780 1067 897 1132 ἑξῆς
943 1068 1159 1133 ἄρχεται
1205 1069 1315 1121 ἀπὸ
1360 1072 1451 1133 τῆς
1488 1072 1522 1134 †
1548 1069 1864 1135 διφθόγγου.
1938 1070 1970 1133 ἡ
2010 1070 2069 1122 δὲ
2115 1069 2234 1133 ἕκτη
2274 1068 2425 1134 χώρα
2462 1086 2619 1123 ςπον-

379 1164 444 1210 10
465 1153 612 1203 δεῑον
671 1152 878 1216 δέχεται
934 1154 1018 1205 καὶ
1072 1155 1344 1218 τροχαῖον.
1419 1155 1507 1207 ἐπὶ
1557 1154 1759 1208 παντὸς
1814 1154 2010 1218 μέτρου
2058 1153 2359 1218 ἀδιάφορός
2404 1153 2541 1208 ἐςτιν
2587 1154 2620 1218 ἡ

459 1237 733 1288 τελευταία
782 1238 1028 1302 ςυλλαβή.
1101 1237 1335 1301 ἡρωϊκὸν
1385 1240 1442 1291 δέ
1490 1241 1724 1291 καλεῖται
1762 1239 1823 1290 τὸ
1862 1239 2079 1302 μέτρον,
2130 1238 2344 1302 ἐπείπερ
2382 1239 2621 1304 Ὅμηρος

459 1320 489 1372 ὁ
528 1322 751 1385 ποιητὴς
786 1321 880 1372 τὰς
918 1324 1028 1374 τῶν
1065 1321 1262 1385 ἡρώων
1311 1323 1524 1387 πράξεις
1573 1324 1779 1377 διεξιὼν
1817 1323 1992 1391 τούτῳ
2030 1323 2275 1388 κέχρηται
2312 1328 2387 1390 τῷ
2424 1323 2618 1391 μέτρῳ.

603 1405 684 1472 [Ὁ
723 1405 912 1471 ἴαμβος
949 1406 1003 1460 ἓξ
1043 1406 1218 1469 χώρας
1266 1406 1578 1471 ἐπιδέχεται.
1652 1408 1747 1460 τὰς
1772 1408 1879 1472 ’μὲν
1917 1408 2077 1460 πέντε
2125 1407 2463 1473 ςυγκειμένας
2511 1407 2620 1472 ἔχει

459 1686 833 1743 [D1SGREPANT1A
851 1701 1136 1732 scRIPTvRAn
1159 1703 1205 1730 m
1229 1687 1486 1745 MLPCU]
1544 1687 1572 1732 1
1589 1690 1683 1743 ἔχει
1702 1702 1777 1732 om
1799 1687 1881 1733 PC
1908 1689 1915 1743 Ι
1997 1689 2106 1731 ante
2130 1689 2495 1743 παλιμβάκχειον
2526 1688 2624 1739 add,

454 1759 591 1802 αὗται
613 1758 645 1802 G
669 1759 685 1814 Η
762 1757 877 1802 1-2
906 1754 1238 1812 παλιμβάχειον
1270 1757 1302 1803 C
1325 1759 1340 1814 Η
1419 1757 1448 1806 2
1479 1759 1662 1814 δέχεται
1691 1758 1802 1802 ML:
1835 1759 2052 1813 δέχονται
2081 1758 2118 1801 P
2129 1758 2214 1803 GU
2241 1759 2247 1814 Ι
2339 1759 2618 1803 δακτυλικου

453 1827 530 1882 Μ,
563 1830 841 1872 δακτυλικοῡ
862 1829 924 1872 L:
957 1830 1191 1873 δακτύλου
1222 1828 1280 1882 Ρ,
1313 1831 1575 1873 δακτύλους
1608 1829 1668 1883 U3
1700 1829 1749 1871 in
1781 1828 1813 1873 C
1846 1829 2176 1885 compendium
2207 1830 2308 1883 est,
2335 1828 2462 1884 quod
2483 1828 2619 1872 Man-

454 1898 709 1955 gelsdorfio
741 1899 1149 1954 interpretandum
1180 1898 1369 1942 videtur
1399 1902 1650 1955 δακτυλικῇ
1690 1901 1706 1955 Η
1815 1899 1845 1944 3
1878 1900 2136 1955 κειμένους]
2168 1900 2482 1954 διακειμένους
2514 1898 2547 1944 C
2609 1899 2615 1956 Ι

453 1970 768 2025 ἀπαρτίζωςιν
807 1969 920 2012 ML:
961 1971 1311 2024 ἀπαρτίζωνται
1341 1969 1474 2014 PCU
1530 1971 1536 2024 Ι
1647 1969 1809 2026 λόγου]
1852 1971 1976 2024 λέγει
2015 1969 2141 2014 vocis
2171 1969 2503 2026 compendium
2533 1969 2575 2013 U
2604 1970 2619 2027 Η

453 2040 484 2084 4
515 2040 785 2096 ἀρχομένην
814 2041 922 2097 post
963 2041 1246 2095 φωνήεντος
1284 2041 1469 2096 ponunt
1497 2040 1584 2084 PU
1630 2042 1636 2096 Ι
1747 2040 1934 2097 ἔχωςιν]
1968 2042 2150 2096 ἐχουςιν
2179 2039 2215 2082 L
2247 2040 2330 2084 sed
2361 2040 2419 2084 ab
2451 2040 2618 2084 eadem

451 2123 593 2152 manu
624 2123 768 2166 supra
798 2125 854 2154 ou
886 2111 1111 2167 scriptum
1143 2125 1181 2154 ω
1233 2111 1250 2167 Η
1327 2110 1445 2158 4-5
1477 2113 1528 2155 ὅς
1560 2112 1657 2156 ἐςτι
1690 2111 2049 2166 παλιμβάκχειος
2077 2109 2238 2165 MLC,
2279 2124 2356 2154 om
2385 2109 2471 2154 PU
2492 2111 2509 2166 Η
2585 2110 2617 2158 5

453 2181 518 2224 ώς
548 2182 605 2224 τὸ
637 2180 797 2225 MLC:
833 2181 936 2226 οἷον
968 2182 1064 2225 ἐςτὶ
1094 2182 1151 2224 τὸ
1184 2180 1271 2225 PU
1297 2183 1303 2237 Ι
1388 2181 1512 2238 ἐπεὶ]
1548 2183 1623 2225 ἐπι
1654 2181 1752 2225 sine
1785 2183 1981 2225 accentu
2001 2180 2096 2224 ML
2123 2183 2130 2237 Ι
2213 2180 2509 2235 πτωλίεθρον
2539 2179 2575 2223 L
2603 2180 2618 2238 Η

452 2251 484 2298 6
514 2251 812 2308 ἀπήρτιςταῑ]
847 2253 1110 2308 ἀπήρτηςαι
1131 2251 1166 2294 L
1194 2254 1199 2306 Ι
1284 2253 1430 2305 λόγου
1460 2251 1497 2294 Ρ
1529 2265 1584 2296 eo
1616 2251 1895 2308 compendio
1926 2252 2128 2308 scripsit,
2160 2251 2286 2308 quod
2315 2251 2374 2294 ab
2405 2250 2618 2295 breviata

452 2322 576 2374 λέγει
607 2335 722 2365 voce
753 2336 847 2367 non
878 2322 1038 2366 differt
1066 2322 1157 2366 nisi
1189 2337 1214 2366 ο
1246 2322 1419 2375 vocali;
1463 2324 1588 2376 λέγει
1629 2322 1819 2366 exhibet
1848 2321 1889 2365 U
1915 2323 1922 2379 Ι
2026 2323 2265 2376 ἐπλάγχθη
2295 2321 2377 2365 PU
2403 2326 2410 2375 Ι
2510 2321 2619 2377 post

452 2393 527 2434 καὶ
558 2392 652 2435 add
684 2394 789 2449 ἑξῆς
821 2392 853 2437 C
876 2394 892 2449 Η
985 2393 1105 2443 6-7
1135 2392 1231 2437 ἀπὸ
1263 2394 1546 2447 φωνήεντος
1585 2395 1775 2449 ἄρχεται
1807 2392 1839 2436 C
1891 2394 1906 2450 Η
2000 2393 2028 2441 7
2059 2392 2169 2448 post
2197 2392 2492 2447 ἀμφίμακρος
2522 2390 2618 2435 add

451 2463 502 2506 δὲ
532 2461 666 2506 PCU
707 2465 713 2517 Ι
825 2465 880 2507 οὔ
912 2464 973 2520 τί]
1005 2463 1122 2507 haec
1152 2462 1320 2507 ultima
1356 2463 1492 2507 huius
1533 2463 1871 2508 dissertationis
1901 2476 1992 2506 vox
2023 2464 2094 2507 est
2122 2475 2264 2518 quam
2294 2461 2494 2518 praebet
2520 2460 2570 2505 M
2592 2461 2614 2517 >ll

453 2533 484 2576 9
505 2533 614 2588 post
628 2538 715 2587 τῆς
732 2534 973 2578 habent&
1003 2533 1135 2578 PCU
1163 2535 1169 2588 Ι
1251 2536 1361 2589 post
1377 2535 1636 2589 διφθόγγου
1668 2533 1762 2577 add
1791 2537 1940 2589 ἤγουν
1971 2535 2067 2578 ἀπὸ
2097 2533 2379 2588 φωνήεντος
2409 2536 2496 2577 τοῦ
2527 2536 2559 2576 ᾶ
2579 2530 2612 2576 G

451 2604 463 2658 Η
522 2603 585 2648 10
607 2605 716 2659 post
744 2606 932 2660 δέχεται
954 2604 1047 2648 add
1069 2607 1145 2647 καὶ
1166 2605 1323 2647 ἄλλως
1346 2605 1530 2659 δέχεται
1549 2605 1717 2659 ἰἀμβον
1749 2607 1824 2649 καὶ
1855 2604 2101 2659 πυρρίχιον
2125 2602 2157 2647 C
2184 2606 2192 2659 1
2274 2605 2350 2647 καὶ
2370 2603 2613 2658 τροχαῖον]

454 2674 607 2718 ἐνίοτε
629 2676 680 2718 δὲ
710 2678 785 2718 καὶ
807 2680 1030 2730 τροχαῖον
1060 2673 1165 2728 PU,
1197 2675 1350 2718 ἐνίοτε
1381 2677 1431 2719 δέ
1461 2680 1684 2730 τροχαῖον
1707 2673 1739 2719 C
1767 2685 1773 2724 Ι
1856 2675 1963 2730 post
1993 2676 2174 2718 παντὸς
2205 2673 2297 2717 add
2327 2673 2416 2729 γὰρ
2445 2672 2581 2718 PCU
2605 2672 2611 2731 Ι

451 2745 704 2799 ἀδιάφορος
734 2744 889 2789 PCU:
923 2746 1149 2799 διάφορος
1179 2745 1213 2788 L
1236 2746 1252 2800 Η
1344 2744 1400 2789 11
1430 2747 1538 2802 post
1566 2745 1815 2790 τελευταία
1847 2745 1940 2789 add
1971 2750 2057 2789 τοῦ
2088 2746 2234 2790 ποδὸς
2262 2743 2315 2798 Ρ,
2350 2743 2471 2789 unde
2503 2744 2617 2788 fecit

451 2819 538 2858 τοῦ
571 2817 753 2860 παντὸς
785 2815 825 2859 U
845 2816 864 2872 Η
969 2815 1143 2860 11-12
1175 2816 1387 2871 ἡρωϊκὸν
1416 2843 1472 2848 -
1501 2821 1572 2872 τῷ
1605 2816 1784 2872 μέτρῳ]
1820 2816 1884 2859 sic
1915 2815 1972 2871 L;
2011 2816 2224 2872 ἡρωϊκὸν
2261 2815 2312 2858 δέ
2343 2815 2466 2858 ἐςτιν
2496 2815 2616 2870 ὅπερ

451 2887 628 2941 ὅμηρος
660 2887 887 2942 ἑχρήςατο
919 2887 1004 2930 τὰς
1035 2890 1136 2929 τῶν
1167 2887 1343 2941 ἡρώων
1375 2888 1561 2942 πράξεις
1592 2887 1775 2932 διεξιών
1813 2886 1911 2931 PU.
1971 2901 2077 2930 cum
2108 2885 2143 2928 L
2184 2885 2416 2929 consentit
2446 2885 2494 2939 C,
2524 2885 2615 2928 nisi

450 2955 576 3011 quod
609 2957 667 3000 ab
708 2956 843 3001 initio
875 2957 1020 3001 habet
1057 2958 1268 3012 ἡρωϊκὸν
1307 2958 1357 3000 δέ
1398 2958 1571 3012 μέτρον
1602 2961 1810 3002 καλεῖται
1849 2957 2040 3012 ἐπείπερ
2078 2947 2204 3000 et'in
2234 2955 2326 2999 fine
2357 2960 2428 3012 τῷ
2460 2957 2612 3013 μέτρῳ

450 3028 675 3082 κέχρηται
705 3028 863 3083 τούτῳ
1237 3035 1241 3038 ⁴
2447 3022 2450 3024 ’
2607 3033 2610 3036 ’

453 3097 815 3152 [DISCREPANTIA
845 3112 1113 3141 seium-vnn:
1147 3113 1194 3141 IN
1226 3097 1277 3155 L]
1366 3098 1426 3143 13
1460 3100 1544 3152 ςὺγ
1575 3100 1788 3153 κειμένας

450 3337 836 3393 [D1scREPAN‘r1AE
868 3355 925 3381 m·
958 3354 1228 3383 'msa-monn
1261 3353 1466 3382 ALIORVM
1505 3339 1812 3395 sommonvu]
1877 3340 1960 3392 μὲν
1990 3363 2040 3369 -—
2075 3336 2338 3391 ςπονδείου]
2371 3337 2489 3380 κατὰ
2529 3337 2613 3390 μὲν

450 3409 535 3451 οὖν
580 3409 663 3451 τὰς
704 3410 847 3452 πέντε
901 3411 1057 3464 χώρας
1103 3410 1362 3465 ἐπιδέχεται
1412 3410 1646 3453 δάκτυλον
1695 3410 1771 3451 καὶ
1817 3410 2066 3453 ςπονδεῑον
2083 3407 2340 3461 ἀδιάφορον
2362 3407 2377 3461 ΙΙ
2455 3404 2614 3462 2p0st.

449 3478 748 3534 ἀμφίμακρον
780 3492 855 3521 om
886 3481 1069 3533 δέχεται
1095 3483 1102 3535 Ι
1204 3480 1457 3535 δακτύλου]
1491 3479 1740 3524 δακτύλων
1791 3480 1806 3533 ΙΙ
1897 3479 1926 3525 4
1956 3478 2206 3532 ςυλλαβὴν]
2237 3477 2391 3531 λέξιν]
2477 3477 2613 3531 ἀρχο-

451 3550 597 3604 μένην
628 3561 736 3604 pon.
766 3550 874 3604 post
904 3552 1184 3605 φωνήεντος
1205 3552 1221 3606 Η
1299 3550 1418 3597 4-5
1453 3552 1503 3594 ὅς
1534 3575 1590 3581 -
1622 3550 1699 3606 τὸ]
1733 3551 1808 3593 καὶ
1840 3549 2204 3602 παλιμβάκχειον
2245 3549 2330 3601 μὲν
2362 3548 2428 3591 ὡς
2458 3547 2511 3591 ἐν
2541 3551 2611 3602 τῷ

449 3620 461 3674 Η
520 3619 552 3667 6
582 3620 690 3675 post
719 3619 995 3674 ἀπήρτιςταῑ
1026 3620 1119 3663 add
1150 3623 1237 3676 γὰρ
1265 3621 1270 3676 Ι
1355 3622 1466 3663 ante
1499 3621 1688 3675 ἄρχεται
1720 3619 1814 3662 add
1844 3621 1872 3673 ἡ
1908 3620 2012 3673 ἑξῆς
2033 3619 2050 3674 Η
2143 3618 2170 3667 7
2202 3618 2512 3672 ἀμφίμακρος,
2545 3619 2610 3662 ὡς

448 3690 523 3745 τὸ]
546 3690 847 3744 ἀμφίμακρον
868 3691 919 3733 δὲ
938 3690 1002 3733 ὡς
1025 3691 1076 3732 ἐν
1093 3696 1162 3747 τῷ
1185 3692 1201 3746 Η
1279 3691 1309 3739 8
1329 3693 1436 3748 post
1456 3703 1643 3734 versum
1666 3689 1964 3732 Homericum
1995 3687 2087 3731 add
2118 3690 2194 3732 καὶ
2226 3687 2339 3732 εἰςὶν
2369 3688 2419 3731 ἐν
2449 3687 2610 3743 τούτῳ

448 3764 573 3814 τρεῖς
620 3760 928 3814 ἀμφίμακροι,
975 3761 1025 3804 ἐν
1063 3775 1114 3804 τε
1153 3767 1255 3805 ταῖς
1295 3775 1385 3815 μοι
1425 3763 1670 3805 ςυλλαβαῑς
1709 3760 1795 3803 δύο
1827 3761 1901 3803 καὶ
1940 3760 1990 3802 ἐν
2034 3763 2093 3815 τῇ
2125 3758 2304 3813 αἰτίη,
2344 3756 2515 3800 deinde
2546 3756 2611 3799 sic

449 3830 608 3885 pergit
636 3843 720 3886 pro
753 3830 818 3873 eis
849 3843 969 3886 quae
1000 3830 1047 3872 in
1078 3832 1406 3886 supplemento
1437 3845 1586 3887 usque
1627 3830 1686 3873 ad
1717 3830 1975 3883 διφθόγγου
2006 3829 2073 3871 lin
2115 3833 2141 3872 9
2170 3827 2415 3884 leguntur:
2462 3826 2611 3881 ἀπηρ-

448 3901 651 3953 τιςμένοι
681 3901 769 3955 γάρ
801 3902 913 3945 εἰςιν
944 3901 1007 3945 εἰς
1040 3902 1177 3955 μέρος
1210 3903 1354 3955 λόγου
1395 3904 1471 3946 καὶ
1507 3903 1590 3945 τὰς
1622 3902 1725 3955 ἑξῆς
1756 3901 1936 3954 έχουςιν
1977 3899 2070 3944 ἀπὸ
2103 3899 2384 3953 φωνήεντος
2415 3897 2611 3951 ἀρχομέ-

450 3984 534 4014 νας
555 3972 571 4025 Η
735 3970 881 4018 9-12
901 3971 1089 4014 omnino
1122 3974 1329 4016 consent.
1360 3986 1465 4016 cum
1497 3970 1650 4015 verbis
1681 3984 1823 4025 supra
1853 3970 2036 4026 scriptis
2057 3971 2072 4025 Η
2228 3966 2345 4012 13-
2375 3981 2406 4022 p
2436 3965 2546 4020 128,
2574 3965 2610 4013 5

453 4041 477 4081 ὁ
500 4040 661 4093 ἴαμβος
693 4066 748 4072 -
780 4042 1034 4096 ἀδιάφορός
1066 4042 1210 4098 ἐςτιν]
1261 4056 1363 4084 cum
1409 4042 1496 4085 hoc
1541 4054 1697 4097 panno
1737 4039 1903 4083 adsuto
1936 4054 2056 4094 quae
2095 4038 2280 4082 omnino
2312 4036 2612 4081 concinerent
