2808 4394
400 257 501 308 116
1131 237 1651 298 SVPPLEMENTA
1681 255 1821 299 11111

399 383 687 447 εὔχρηςτον
725 386 833 434 τῶν
873 382 930 435 ἐν
969 387 1044 450 τῷ
1085 383 1195 450 βίῳ.
1269 387 1378 436 τῶν
1417 385 1475 436 δὲ
1512 386 1718 448 τεχνῶν
1764 384 2019 448 διαφοραί
2056 384 2148 437 εἰςι
2185 386 2302 441 δύο.
2365 387 2417 439 αἱ
2454 389 2549 452 μὲν

397 468 499 531 γὰρ
546 467 723 519 αὐτῶν
773 465 863 519 εἰςι
913 466 1144 534 λογικαί,
1193 467 1244 519 αἱ
1292 469 1350 520 δὲ
1395 468 1687 532 πρακτικαί.
1759 468 1842 519 καὶ
1890 469 2095 530 λογικαὶ
2130 470 2227 534 μέν
2265 470 2389 524 εἰςιν
2428 470 2549 524 οἷον

398 747 767 802 [ΒΙεοΒΕΡΑῌΤῙΑ
799 733 1082 792 εοΒΙΡτνΒΑΕ
1115 764 1164 791 ΙΝ
1196 747 1436 792 LGBVH
1465 763 1496 804 p
1528 754 1566 792 2.
1598 755 1637 792 6.
1670 748 1771 805 289]
1860 748 1887 792 l
1917 752 2017 791 τῶν
2047 749 2116 805 ἐν]
2158 761 2234 792 om
2263 749 2307 791 H
2336 764 2367 805 p
2397 755 2481 795 289
2537 754 2550 807 ΙΙ

396 816 425 860 2
458 817 636 874 αὐτῶν]
670 830 745 860 om
776 817 818 860 H
847 832 877 874 p
909 819 972 874 611
1051 818 1162 863 εἰςιν
1193 832 1269 862 om
1300 818 1341 862 Gr

398 1071 786 1128 [D1scREPAnT1An
805 1089 860 1116 ΕΤ
883 1087 1165 1116 ΤΕΒΤΙΜΟΝΙΑ
1184 1089 1417 1117 scnomon.
1437 1076 1504 1128 (Σ
1511 1085 1548 1119 σ
1556 1077 1608 1128 λ)
1630 1089 1940 1119 EROTEMATVM
1962 1076 2046 1131 (Ε)
2064 1089 2274 1120 ALIORVM
2292 1074 2546 1131 sempron]

397 1157 517 1186 ςεων
536 1178 546 1198 ,
593 1144 644 1187 ἐκ
675 1144 1018 1198 Θεωρημάτων)
1050 1147 1099 1187 Σ
1129 1142 1289 1187 Goettl
1318 1147 1390 1199 508
1422 1145 1635 1199 Ὁριςμός
1665 1144 1713 1188 in
1743 1143 1842 1189 LO.
1904 1146 2137 1190 convertit
2167 1158 2271 1189 eam
2302 1144 2549 1198 Quintilia-

393 1228 480 1256 nus
499 1214 568 1258 ita
597 1214 652 1256 ut
682 1213 808 1257 dicat
836 1217 980 1257 artem
1009 1218 1215 1258 constare
1246 1227 1301 1258 ex
1327 1215 1706 1270 perceptionibus.
1750 1215 1798 1258 in
1830 1216 2010 1260 ceteros
2031 1218 2191 1260 autem
2212 1228 2329 1272 quos
2358 1214 2550 1260 laudavi

395 1283 645 1340 scriptores
677 1297 869 1341 graecos
900 1297 995 1328 non
1024 1284 1178 1328 minus
1200 1299 1341 1341 quam
1361 1286 1410 1328 in
1432 1285 1608 1328 scholia
1627 1285 1914 1341 Dionysiana
1933 1287 2307 1341 ἑγκαταλήψεων
2334 1285 2548 1341 inrepsit,

394 1354 527 1398 velut
561 1354 611 1397 in
650 1367 810 1398 omnes
849 1354 1018 1410 quibus
1056 1354 1298 1399 Bekkerus
1336 1369 1447 1399 usus
1485 1356 1557 1412 est
1594 1354 1775 1399 codices
1806 1355 1938 1400 Sexti
1966 1356 2190 1413 Empirici
2223 1357 2452 1413 hypotyp.
2481 1355 2550 1399 III

395 1428 446 1477 ἓξ
467 1429 548 1468 241
573 1426 621 1468 et
641 1428 722 1468 251
744 1438 775 1479 p
801 1429 917 1481 17728
941 1429 1060 1482 18030
1079 1424 1129 1469 Β.
1162 1451 1216 1458 -
1247 1426 1300 1469 ἐκ
1330 1427 1666 1481 καταλήψεως,
1698 1426 1823 1482 quod
1854 1425 2067 1482 Dionysii
2095 1427 2243 1471 codex
2273 1426 2314 1472 G
2345 1426 2550 1486 exhibet,

393 1494 566 1551 legitur
597 1494 742 1538 etiam
773 1495 900 1551 apud
932 1494 1182 1552 Sopatrum
1213 1495 1262 1539 in
1291 1495 1514 1553 Hermog.
1547 1495 1589 1540 V
1618 1501 1664 1552 46
1705 1498 1710 1551 Ι
2081 1496 2548 1554 ἐγγεγυμναςμένων]

393 1565 481 1608 hoc
513 1564 693 1609 habent
713 1570 763 1610 Σ
780 1565 802 1608 I
834 1566 882 1610 et
902 1570 952 1610 Σ
969 1565 1014 1609 II
1043 1566 1093 1609 in
1122 1566 1346 1610 lemmate
1378 1568 1427 1610 et
1458 1566 1802 1623 explanatione,
1835 1571 2074 1623 721217226
2105 1569 2177 1623 (=
2197 1568 2552 1627 ἠκριβωμένων,

391 1637 831 1691 δεδοκιμαςμένων),
866 1640 984 1692 72126
1008 1665 1044 1692 28
1077 1640 1150 1689 (==
1181 1637 1629 1692 δεδοκιμαςμένων),
1660 1637 1776 1680 item
1806 1640 1881 1682 Eg
1911 1640 1983 1692 (=
2014 1642 2240 1694 φανερῶν
2270 1640 2346 1682 καὶ
2377 1639 2549 1682 δεδοκι-

391 1708 659 1761 μαςμένων·
700 1707 928 1762 γυμνάςαι
967 1708 1055 1762 γὰρ
1093 1708 1292 1761 λέγομεν
1329 1708 1387 1750 τὸ
1423 1702 1488 1752 εἰς
1518 1712 1623 1762 φῶς
1654 1708 1802 1765 ἄγειν)
1842 1712 1890 1752 et
1918 1709 2016 1763 ΕΙ),
2064 1707 2547 1764 Schellersheimiana,

390 1777 511 1821 sicut
549 1779 661 1821 artis
699 1778 847 1822 codex
877 1778 940 1833 G,
989 1779 1424 1833 ἐγγεγυμναςμένον
1470 1778 1633 1834 (οἱονεὶ
1672 1778 1729 1821 τὸ
1767 1781 1979 1835 φανερὸν
2016 1781 2093 1824 καὶ
2129 1779 2550 1834 δεδοκιμαςμένον).

390 1849 532 1904 atque
578 1849 720 1892 etiam
765 1849 814 1891 in
859 1848 1206 1906 prolegomenis
1251 1847 1558 1906 amplioribus
1594 1849 1709 1894 artis
1747 1849 2059 1906 Dionysianae
2098 1849 2549 1905 ἑγγεγυμναςμένων

390 1919 654 1962 invenimus
692 1924 743 1964 Σ
778 1923 895 1976 65031
941 1924 1065 1975 6515,
1110 1919 1193 1963 sed
1236 1919 1415 1963 ibidem
1453 1921 1932 1976 ςυγγεγυμναςμένων
1970 1925 2090 1977 64932
2120 1923 2262 1976 65028,
2309 1919 2442 1964 cuius
2478 1918 2550 1963 rei

390 2002 531 2033 causa
570 1990 621 2033 in
662 2003 716 2034 eo
755 1990 912 2045 posita
949 1991 1020 2034 est
1057 1990 1184 2046 quod
1221 1990 1270 2033 in
1307 1990 1395 2034 hac
1435 1990 1726 2046 expositione
1764 1992 1926 2035 insunt
1962 1990 2161 2035 duorum
2191 1989 2547 2035 scholiastarum

394 2061 775 2116 explanationes,
808 2074 929 2116 quae
959 2060 1028 2104 ita
1057 2064 1174 2117 65081
1204 2061 1329 2104 inter
1358 2074 1406 2104 se
1438 2060 1735 2116 contingunt,
1774 2062 1829 2105 ut
1856 2062 1966 2118 post
1991 2065 2093 2105 τῶν
2123 2062 2175 2105 ἑν
2205 2065 2275 2116 τῷ
2309 2060 2393 2117 βίῳ
2423 2059 2548 2116 prio-

388 2131 451 2172 ris
483 2130 588 2174 finis
621 2131 669 2174 et
696 2130 965 2187 posterioris
995 2131 1181 2175 initium
1211 2130 1552 2175 interciderint.
1590 2131 1717 2187 quod
1746 2136 1797 2176 Σ
1823 2129 1985 2176 Goettl
2014 2137 2087 2188 50Θ
2117 2160 2153 2188 1,
2183 2131 2548 2186 ἑγγεγυμναςμέ-

389 2215 490 2244 νων
521 2201 710 2258 legitur,
741 2215 835 2245 non
867 2202 1071 2246 concinit
1098 2202 1427 2258 interpretatio
1457 2203 1607 2256 ἤγουν
1637 2204 2040 2258 ςυνεζητημένων,
2071 2202 2213 2258 atque
2235 2213 2546 2256 ςυγγεγυμνα-

388 2273 572 2325 ςμένων
610 2271 980 2328 Hamburgensis
1018 2272 1140 2316 liber
1179 2273 1391 2326 exhibet,
1437 2273 1486 2315 in
1525 2285 1616 2327 quo
1657 2272 1824 2317 eadem
1862 2273 2118 2330 disputatio
2157 2271 2359 2317 occurrit
2385 2285 2418 2327 p
2449 2275 2546 2315 289.

388 2345 869 2398 ςυγγεγυμναςμένων
897 2343 1097 2400 praebet
1127 2345 1270 2388 etiam
1302 2344 1513 2399 Ὁριςμός
1542 2343 1591 2386 in
1621 2343 1719 2388 LO.
1779 2357 1891 2399 nec,
1922 2343 2036 2400 quin
2064 2342 2154 2387 hoc
2183 2342 2441 2400 genuinum
2471 2341 2545 2397 sit,

388 2413 659 2457 dubitamus
688 2415 884 2470 propter
915 2413 1191 2467 Quintiliani
1220 2415 1548 2461 coexercitatis,
1597 2414 1679 2458 sed
1717 2414 1843 2471 apud
1885 2400 2064 2458 ceteros
2096 2426 2282 2470 quoque
2315 2412 2396 2469 qui
2424 2411 2546 2461 Stoi-

388 2497 548 2527 corum
594 2484 918 2528 definitionem
960 2486 1207 2541 proferunt
1250 2486 1501 2542 scriptores
1537 2499 1633 2530 non
1672 2484 1901 2528 minorem
1938 2485 2063 2528 inter
2099 2497 2280 2538 ςυγγεγ.
2313 2482 2363 2527 et
2391 2483 2543 2538 ἐγγεγ.

387 2568 528 2609 quam
558 2555 683 2598 inter
713 2557 764 2599 ἐκ
786 2557 1104 2609 καταλήψεων
1125 2557 1174 2600 et
1193 2557 1565 2612 ἑγκαταλήψεων
1594 2555 1946 2599 fluctuationem
1976 2555 2225 2599 observare
2255 2553 2382 2608 licet,
2413 2553 2546 2597 velut

387 2625 514 2680 apud
544 2624 731 2672 Lucian.
763 2625 923 2672 Paras.
947 2627 972 2682 S
994 2629 1020 2668 6
1051 2626 1137 2670 οὐκ
1169 2627 1219 2670 ἐκ
1249 2627 1565 2681 καταλήψεως
1597 2627 1746 2680 μόνον
1776 2626 1895 2670 ἀλλὰ
1926 2625 2390 2680 ςυγγεγυμναςμένης
2419 2624 2545 2668 ἐςτὶν

385 2697 415 2750 ἡ
449 2698 725 2751 παραςιτική
756 2695 981 2740 traditum
1013 2697 1098 2751 est,
1130 2691 1212 2741 se'd
1245 2699 1271 2751 ξ
1293 2702 1319 2741 4
1349 2697 1808 2752 ἑγγεγυμναςμένων.
1840 2720 1893 2727 —-
1925 2696 2032 2739 ante
2063 2695 2542 2750 ςυγγεγυμναςμένων

386 2766 479 2810 add
501 2767 714 2824 ἐμπειρίᾳ
736 2771 785 2812 Σ
804 2771 936 2824 64932,
967 2768 1049 2811 sed
1079 2767 1168 2811 hoc
1198 2767 1300 2812 loco
1330 2781 1424 2811 non
1456 2767 1736 2824 explanatur
1764 2767 2160 2823 supplementum.
2196 2765 2265 2809 cfr
2283 2764 2541 2822 prolegom.

384 2837 432 2879 in
464 2837 683 2894 Hermog.
716 2838 996 2882 rhetoricam
1026 2837 1092 2882 IV
1123 2837 1316 2898 410‚W.:
1360 2840 1503 2894 τέχνη
1549 2839 1643 2883 ἐςτὶ
1682 2839 1804 2884 ςύςτ.
1843 2838 1894 2882 ἐκ
1931 2839 2094 2884 καταλ.
2134 2837 2347 2893 ἐμπειρίᾳ
2385 2849 2543 2890 ςυγγε-

385 2910 727 2963 γυμναςμένων
759 2911 876 2964 πρός
907 2924 952 2952 τι
982 2910 1120 2953 τέλος
1151 2910 1274 2964 εὔχρ.
1304 2914 1405 2954 τῶν
1435 2910 1486 2953 ἐν
1515 2914 1586 2965 τῷ
1618 2908 1728 2965 βίῳ,
1768 2910 1798 2962 ἢ
1831 2909 1895 2953 ὡς
1926 2908 2060 2952 ἄλλοι
2090 2908 2386 2963 ἐξηγοῦνται,
2426 2907 2540 2951 ἄνευ

384 2983 469 3022 τοῦ
503 2980 719 3035 ἐμπειρίᾳ
751 2981 1039 3035 ἐκτιθέμενοι
1068 2981 1157 3024 τὸν
1187 2981 1301 3035 ὅρον
1355 2980 1361 3035 Ι
1755 2980 1874 3034 πρός
1903 2992 1948 3022 τι
1977 2979 2114 3023 τέλος
2154 2978 2411 3033 εὔχρηςτον
2439 2981 2541 3021 τῶν

385 3051 436 3092 ἐν
466 3054 535 3104 τῷ
580 3050 665 3106 βίῳ
702 3050 881 3094 habent
909 3055 960 3095 Σ
987 3051 1006 3092 I
1038 3055 1157 3105 72122
1188 3055 1287 3106 7228
1318 3055 1369 3095 Σ
1394 3051 1437 3094 II
1467 3055 1586 3105 72127
1615 3053 1690 3095 Eg
1712 3053 1755 3094 E
1766 3050 1784 3079 b
1816 3047 2306 3103 Schellersheimiana,
2346 3052 2396 3092 Σ
2421 3051 2542 3105 649„

382 3124 564 3176 650243„3¹
596 3125 646 3164 Σ
674 3119 835 3164 Goettl
857 3126 928 3177 509
961 3122 1171 3176 Ὁριςμός
1202 3122 1252 3164 in
1282 3120 1389 3175 LO,
1421 3120 1598 3164 Lucian
1620 3124 1776 3164 Paras.
1797 3124 1821 3173 ξ
1841 3124 1869 3163 4
1899 3118 2099 3175 Sopater
2125 3117 2174 3160 in
2195 3117 2417 3176 Hermog.
2438 3117 2540 3174 V44⁵

383 3189 615 3246 Doxopat.
647 3192 695 3233 in
727 3191 904 3247 Aphth.
934 3191 978 3234 Il
1011 3197 1109 3248 1098
1149 3192 1363 3250 Prolegg.
1402 3192 1451 3234 in
1482 3190 1701 3247 Hermog.
1733 3189 1798 3233 IV
1828 3194 1889 3244 411
1919 3188 2114 3245 Niceph.
2145 3187 2391 3235 Blemmid.
2421 3202 2453 3244 p
2487 3192 2539 3232 19

383 3263 395 3316 {5
740 3262 871 3307 1—2
910 3267 1013 3307 τῶν
1043 3264 1093 3307 δὲ
1123 3288 1177 3294 -
1207 3263 1474 3319 πρακτικαί]
1522 3261 1644 3305 hanc
1688 3260 1993 3317 partitionem
2036 3259 2228 3317 legebat
2266 3263 2314 3302 et
2351 3258 2539 3303 excusat

382 3344 668 3387 quamquam
698 3347 791 3376 non
821 3333 962 3389 plane
994 3333 1269 3389 comprobat
1297 3337 1348 3377 Σ
1373 3333 1417 3375 II
1448 3337 1548 3388 7266
1578 3336 1713 3375 «τῶν
1743 3332 1794 3376 δὲ
1823 3334 2009 3386 τεχνῶν
2039 3328 2259 3384 διαφοραί
2290 3328 2372 3373 εἰςι
2401 3329 2537 3376 δύο».

382 3403 466 3445 δύο
484 3403 567 3457 μὲν
583 3403 722 3447 οὗτος
741 3405 846 3448 εἶπε
865 3405 940 3447 διὰ
956 3405 1012 3448 τὸ
1029 3405 1392 3459 φιλοςύντομον,
1403 3407 1528 3458 τρεῖς
1545 3403 1595 3446 δὲ
1616 3403 1745 3455 ὅμως
1757 3401 1863 3446 εἰςί·
1884 3398 2351 3455 λογικαί,πρακτικαί,
2370 3399 2540 3454 μικταί.

381 3486 468 3516 nec
498 3472 651 3516 minus
683 3473 873 3530 legebat
893 3474 974 3530 qui
996 3475 1146 3518 artem
1168 3472 1502 3529 Dionysianam
1525 3473 1573 3515 in
1605 3472 1867 3516 erotemata
1896 3470 2148 3515 convertit:
2178 3483 2288 3513 nam
2310 3470 2375 3514 sic
2394 3469 2537 3513 inter-

381 3544 550 3600 rogant
571 3543 950 3599 respondentque
971 3548 1046 3589 Eg
1077 3545 1126 3588 et
1153 3542 1644 3588 Schellersheimiana:
1677 3546 1894 3597 ποςαχῶς
1923 3543 1953 3597 ἠ
1985 3542 2150 3596 τέχνη;
2183 3542 2339 3595 διχῶς·
2371 3542 2534 3594 λογικὴ

382 3615 455 3656 καὶ
488 3615 734 3669 πρακτική.
794 3615 844 3658 at
873 3618 922 3658 Σ
949 3614 970 3656 I
1007 3616 1274 3670 putaverim
1315 3614 1456 3658 aliam
1494 3613 1797 3670 partitionem
1835 3612 1883 3654 in
1921 3610 2249 3668 supplemento
2286 3610 2534 3655 invenisse.

380 3698 486 3727 nam
525 3685 775 3741 postquam
826 3689 925 3740 '7208
957 3684 1096 3728 dixit:
1138 3687 1392 3741 ἐπειδήπερ
1430 3689 1499 3740 τῷ
1539 3687 1739 3739 τεχνικῷ
1779 3685 1886 3738 περὶ
1915 3686 2238 3737 γραμματικῆς
2267 3683 2389 3736 ἡμᾶς
2419 3681 2533 3737 πρό-

381 3769 527 3799 κειται
560 3756 757 3808 διδάξαι,
799 3756 827 3808 ἡ
862 3756 913 3799 δὲ
942 3759 1234 3811 γραμματικὴ
1267 3758 1410 3812 τέχνη
1443 3754 1559 3810 ἑςτί,
1598 3756 1774 3799 διέξειςι
1813 3757 2009 3808 πρῶτον
2039 3754 2148 3807 περὶ
2177 3753 2368 3808 τέχνης,
2404 3752 2451 3795 τί
2479 3752 2534 3795 τέ

380 3827 473 3870 ἐςτι
503 3827 644 3880 τέχνη
676 3821 946 3881 ὁριζόμενος
977 3828 1052 3870 καὶ
1081 3828 1201 3871 πόςα
1221 3828 1400 3882 ταύτης
1418 3828 1478 3871 τὰ
1500 3827 1599 3880 εἴδη
1631 3826 1826 3878 διεξιών,
1858 3825 1999 3879 atque
2023 3826 2319 3878 72120—72220
2348 3820 2533 3878 supple—

379 3897 526 3939 menti
565 3896 886 3940 definitionem
922 3895 1259 3952 interpretatus
1298 3898 1388 3951 est,
1434 3897 1498 3942 sic
1537 3895 1695 3953 pergit
1725 3899 1859 3949 72211:
1907 3898 1993 3949 τῆς
2032 3895 2082 3938 δὲ
2121 3893 2327 3937 καθόλου
2364 3891 2531 3947 τέχνης

379 3967 598 4021 διαφοραί
629 3968 711 4011 εἰςι
740 3969 976 4024 τέςςαρεε·
1011 3970 1293 4022 θεωρητική,
1324 3968 1571 4023 πρακτική,
1600 3966 1835 4021 ποιητική,
1866 3966 2020 4019 μικτή,
2052 3964 2193 4019 atque
2223 3962 2343 4006 hanc
2374 3961 2526 4017 expla-

379 4037 462 4079 nat
492 4036 765 4081 divisionem
796 4038 924 4082 nullo
955 4038 1100 4082 verbo
1134 4037 1294 4082 addito
1331 4038 1388 4082 de
1428 4052 1485 4081 ea
1521 4049 1663 4093 quam
1700 4049 1821 4079 nunc
1859 4035 1907 4078 in
1947 4033 2276 4091 supplemento
2313 4031 2527 4088 legimus,
