2808 4394
1027 275 1199 320 HALM
1220 306 1274 313 —
1293 275 1671 322 HOLSTENIVS

1325 434 1391 495 H

269 544 451 599 Halm,
485 544 697 590 Carolus:
727 545 817 590 XII
847 551 902 590 33

271 614 403 658 Ham
418 627 524 669 am,
575 615 800 660 versionis
848 614 1139 659 armeniacae
1184 614 1325 658 inter-

326 698 458 741 pres,
491 699 610 730 saec.
643 685 730 730 IX:
762 684 931 728 LXXII
961 689 1016 729 28

268 754 350 798 Ha
367 756 693 813 rmenopuli
722 756 901 800 lexicon
925 754 1170 799 verborum
1190 768 1326 810 syno-

327 827 562 882 nymicum
593 826 641 870 in
673 826 773 870 cod.
797 825 1083 869 Barocciano
1114 830 1183 876 68,
1219 825 1324 870 vide

328 896 427 943 ind.
457 911 526 953 gr.
558 897 643 941 sub
677 897 966 949 πολυώνυμα

267 966 433 1021 Hart,
463 967 577 1013 Ad.:
609 966 718 1011 VIII
743 972 808 1011 19.
838 965 1032 1010 XXXIV
1052 970 1114 1008 16.
1145 965 1247 1008 XLI
1272 971 1319 1009 11

271 1035 618 1081 Heliodorus
654 1036 990 1092 Byzantius,
1041 1036 1155 1080 artis
1185 1036 1320 1080 Dion.

323 1106 553 1163 interpres
593 1109 717 1165 (post
751 1121 870 1151 saec.
902 1106 1013 1162 VI):
1055 1105 1248 1150 XXXIV
1284 1111 1322 1154 6.

323 1176 519 1220 XXXVI
541 1183 582 1222 8.
618 1176 891 1234 compilavit
908 1176 1215 1221 Choerobosci
1243 1191 1320 1221 ex-

327 1247 667 1304 planationem:
699 1247 894 1291 XXXIV
919 1252 984 1301 14,
1008 1247 1069 1291 ad
1085 1253 1157 1302 41,
1178 1254 1218 1296 3.
1250 1252 1320 1304 89,

324 1324 348 1359 9
371 1326 417 1373 (Ρ
432 1319 517 1372 90),
537 1318 727 1362 ind.sub
742 1318 1049 1363 Choerobosci
1067 1318 1324 1363 nomine.—

327 1388 566 1444 vituperat
583 1389 1008 1446 technographum:
1035 1389 1095 1432 ad
1113 1394 1181 1440 40,
1195 1393 1232 1432 4.
1252 1394 1321 1443 41,

322 1463 361 1501 3.
383 1463 451 1512 46,
477 1463 599 1506 1-2.
622 1465 690 1512 61,
708 1465 834 1505 2-3.
859 1465 927 1514 63,
949 1465 1059 1503 2-3
1081 1462 1130 1516 (p
1143 1462 1230 1514 64).
1254 1464 1322 1512 66,

327 1534 448 1572 1-2.
493 1534 566 1585 66,
597 1535 750 1583 3-67,
783 1536 820 1574 1.
863 1534 933 1586 67,
970 1535 1089 1573 1-2.
1121 1534 1247 1574 3-4.
1283 1535 1323 1573 6.

322 1603 536 1652 69,4—5.
570 1606 719 1654 70,2-
736 1607 776 1644 3.
808 1606 875 1654 71,
895 1607 932 1644 1.
964 1604 1174 1653 72,4-5.
1197 1605 1323 1655 76,1.

330 1669 524 1729 corrigit
553 1671 627 1715 vel
658 1671 847 1728 supplet
874 1672 1130 1727 praecepta
1150 1670 1323 1727 Diony-

321 1739 397 1783 sii:
438 1741 499 1785 ad
531 1747 599 1797 73,
627 1747 746 1785 1-2.
780 1748 819 1784 3.
861 1746 989 1796 74,1.
1030 1746 1275 1797 87‚1-88,
1297 1747 1322 1785 2

322 1816 369 1867 (Ρ
387 1816 476 1864 88).
495 1818 563 1865 91,
585 1819 620 1855 1.
645 1813 837 1855 excusat
853 1811 1148 1867 Dionysium:
1171 1811 1232 1855 ad
1252 1816 1321 1865 66,

321 1887 363 1926 3.
387 1882 583 1935 71,2bis.
608 1882 821 1926 defendit
841 1881 1115 1937 Dionysium
1133 1883 1192 1926 ab
1211 1882 1321 1926 alio-

323 1966 424 1994 rum
456 1952 916 2009 reprehensionibus:
949 1952 1008 1995 ad
1039 1958 1107 2004 50,
1142 1958 1180 1996 1.
1220 1967 1321 1997 cor-

322 2023 436 2079 rigit
471 2023 655 2066 codices
693 2022 828 2066 artis:
864 2022 925 2066 ad
950 2029 1020 2078 37,
1042 2030 1067 2067 3
1099 2024 1190 2079 (cfr
1219 2024 1322 2067 Zur

328 2093 795 2150 Wiederherstellwny
824 2108 854 2149 p
886 2095 971 2148 65).
1005 2099 1073 2147 38,
1099 2099 1140 2137 3.
1173 2094 1319 2151 Apol-

318 2164 434 2207 lonii
465 2164 654 2220 Dyscoli
700 2164 961 2206 doctrinam
999 2163 1212 2218 sequitur
1250 2169 1319 2220 69,

320 2239 341 2278 1
355 2240 443 2289 -2,
475 2236 683 2292 praefert
705 2234 1036 2289 Dionys-ianae:
1069 2234 1128 2278 ad
1149 2239 1217 2289 63,
1238 2240 1320 2278 2—

319 2312 359 2350 3.
392 2311 460 2360 70,
481 2311 608 2350 2-3.
641 2310 709 2357 72,
731 2310 857 2351 4-5.
901 2304 997 2348 ind.
1021 2318 1090 2361 gr.
1113 2305 1197 2349 sub
1220 2307 1322 2350 (ύν-

318 2379 482 2430 δεεμοε

260 2446 606 2490 Heliodorus
636 2446 908 2490 metricus
930 2448 1066 2503 (saec.
1089 2446 1108 2489 Ι
1134 2461 1179 2501 p.
1198 2446 1320 2502 Chr.)

240 2526 249 2528 *
316 2517 527 2561 defendit
577 2516 851 2572 Dionysium
900 2516 959 2560 ab
1007 2516 1205 2559 aliorum
1249 2531 1318 2561 re-

320 2586 723 2644 prehensionibus:
756 2586 816 2629 ad
851 2592 914 2636 17,
946 2592 986 2630 3.
1021 2592 1086 2641 18,
1117 2592 1228 2631 2-3

259 2657 614 2714 Hephaestio
647 2659 788 2713 (saec.
816 2657 859 2700 II
883 2672 928 2714 p.
956 2657 1024 2713 C.)
1055 2658 1319 2716 praeceptis

315 2728 613 2784 Dionysianis
624 2729 770 2772 utitur
781 2728 1034 2784 (interdum
1045 2728 1295 2786 corrigens)
1308 2746 1318 2771 :

316 2799 376 2842 ad
410 2805 475 2853 17,
507 2805 547 2843 3.
586 2804 649 2853 18,
683 2803 808 2842 2-3.
839 2804 879 2842 3.
913 2804 979 2853 18,
1003 2804 1156 2853 3—19,
1178 2805 1217 2847 3.
1252 2805 1318 2854 19,

321 2875 477 2926 6-20,
510 2876 534 2913 2
567 2872 615 2926 (p
638 2872 724 2923 20).
755 2874 825 2923 20,
847 2873 885 2912 5.
919 2874 991 2925 21,
1019 2874 1140 2914 1—3.
1172 2875 1209 2912 2.
1246 2875 1315 2926 22,

318 2946 338 2982 1
363 2941 412 2983 et
427 2945 465 2988 2,
498 2939 854 2995 Hephaestionis
875 2940 1127 2996 descriptio
1145 2941 1319 2997 pedum

315 3011 638 3055 metricorum:
671 3010 731 3054 ad
766 3016 859 3064 117,
891 3015 1072 3065 9—118,
1099 3017 1139 3055 3.
1177 3016 1270 3066 118,
1292 3017 1318 3055 3

316 3086 475 3135 -119,
508 3087 549 3126 8.
586 3085 679 3135 118,
711 3085 852 3134 3-4.
897 3086 989 3135 119,
1024 3086 1246 3136 10—121,
1278 3087 1318 3128 9.

320 3151 934 3208 Hephaestioemendatur:
968 3152 1028 3195 ad
1061 3157 1127 3202 18,
1159 3157 1184 3194 2

256 3222 301 3266 Η
313 3235 406 3266 ero
420 3222 446 3265 d
459 3223 514 3265 ia
525 3237 555 3265 n
568 3237 627 3266 us
656 3222 1047 3279 technographus.
1088 3222 1316 3267 Herodia-

313 3306 431 3337 neae
463 3293 792 3337 catholicae
819 3293 1093 3350 epitoma,
1126 3294 1316 3348 quaein

317 3363 420 3407 aliis
450 3363 685 3408 codicibus
708 3365 987 3420 Theodosio,
1018 3365 1067 3408 in
1088 3364 1192 3409 aliis
1214 3366 1315 3408 Ar-

2327 279 2424 332 197

1427 544 1529 590 κὸν.
1590 543 1826 598 epitomae
1856 544 1975 589 liber
2005 545 2114 589 XX:
2147 545 2322 590 XXVII
2352 550 2423 590 38.

1428 612 1507 656 LV
1528 618 1596 657 31.
1628 613 1731 657 LVI
1753 620 1793 658 5.
1824 615 1884 658 ad
1911 620 2004 669 106,
2028 621 2053 659 3
2075 618 2216 670 (em.).
2244 642 2290 647 —
2313 615 2420 674 Epi-

1426 685 1584 726 tomae
1616 684 1847 727 Ioannis
1877 685 2257 729 Alexandrini
2298 685 2425 731 locos

1427 754 1596 809 quibus
1635 753 1680 797 in
1714 754 2017 799 adnotatione
2050 771 2156 799 usus
2187 771 2285 802 sum
2320 758 2424 800 vide

1426 825 1511 869 sub
1541 825 1678 868 huius
1697 825 1993 879 grammatici
2014 827 2215 874 nomine.
2247 852 2299 858 —
2331 826 2422 870 He·

1423 895 1649 939 rodianea
1689 896 2011 951 προεῳδίαε
2058 896 2330 940 definitio
2370 912 2424 941 ex

1425 964 1765 1020 commentarii,
1781 978 1874 1020 quo
1891 966 2175 1022 Porphyrius
2192 967 2266 1010 vel
2283 967 2425 1013 Choe-

1424 1037 1647 1080 roboscus
1693 1035 2070 1092 supplementum
2107 1038 2307 1093 primum
2348 1052 2424 1082 ex-

1424 1105 1660 1162 planavit,
1712 1106 2057 1162 exemplaribus
2102 1108 2320 1152 restituta
2365 1110 2424 1153 ad

1428 1182 1528 1230 105,
1563 1181 1596 1220 1.
1638 1203 1691 1207 —
1730 1175 2027 1221 Herodianea
2065 1177 2328 1222 dissertatio
2360 1178 2425 1223 de

1425 1246 1720 1292 encliticis
1751 1246 1856 1302 (BA
1887 1247 1952 1291 III
1986 1253 2149 1291 1142-
2172 1253 2323 1303 1148):
2365 1249 2425 1293 ad

1424 1323 1494 1372 89,
1524 1324 1550 1362 2
1582 1319 1631 1375 (Ρ
1663 1321 1751 1373 90).
1790 1323 1859 1371 97,
1897 1323 2089 1372 1--100,
2124 1323 2142 1361 1
2179 1321 2227 1374 (p
2250 1324 2304 1364 98
2326 1320 2423 1374 in.).

1422 1394 1490 1444 97,
1514 1395 1531 1432 1
1557 1389 1636 1442 (ad
1654 1393 1746 1434 ποῦ
1762 1389 1808 1432 in
1828 1391 1943 1434 extr.
1966 1403 1997 1445 p
2016 1393 2086 1443 98,
2109 1389 2331 1446 emend)
2355 1395 2424 1441 99,

1427 1464 1449 1503 1
1480 1459 1564 1516 (ad
1595 1460 1714 1516 νῦν).
1760 1485 1814 1491 -
1860 1459 2111 1503 Herodiani
2150 1460 2427 1516 prosodia

1424 1531 1747 1575 Homerica:
1782 1529 1842 1573 ad
1873 1534 1942 1583 97,
1975 1535 2174 1585 1—-100,
2207 1535 2224 1572 1
2261 1531 2314 1586 (Ρ
2336 1536 2426 1586 97).

1427 1627 1476 1633 ——
1502 1602 1709 1659 epitoma
1737 1606 1837 1645 τῶν
1867 1602 2235 1655 ὀνοματικῶν
2258 1602 2426 1645 κανό-

1424 1686 1537 1715 νων
1559 1673 1609 1715 ἑκ
1631 1676 1731 1717 τῶν
1754 1673 2073 1727 Ἡρωδιανοῡε
2096 1671 2215 1715 Add.
2237 1670 2425 1715 LXXXI

1424 1748 1491 1786 30.
1540 1768 1593 1773 —-
1640 1742 1986 1786 Herodianeum
2033 1744 2305 1797 excerptum
2356 1742 2422 1786 de

1424 1812 1947 1856 coniunctionibus
1986 1811 2092 1866 (AO
2125 1812 2190 1854 III
2234 1826 2267 1868 p
2299 1814 2422 1867 280):

1423 1884 1482 1925 ad
1515 1889 1584 1934 93,
1608 1889 1764 1936 3—94,
1788 1889 1822 1930 1.
1854 1888 1922 1933 99,
1948 1888 1968 1925 1
1993 1883 2072 1936 (ad
2094 1883 2183 1935 ἄν).
2205 1907 2259 1913 --
2279 1883 2424 1937 Περὶ

1424 1955 1714 2008 μονήρουε
1754 1955 1965 1999 λέξεως
2004 1952 2143 1996 liber:
2190 1953 2250 1996 ad
2289 1957 2366 2005 55,
2399 1958 2425 1996 5

1422 2025 1470 2080 (p
1494 2026 1582 2080 56).
1612 2050 1665 2056 --
1697 2025 1836 2079 Περὶ
1868 2027 2068 2068 παθῶν
2098 2022 2239 2068 liber:
2273 2022 2334 2066 ad
2355 2027 2423 2076 55,

1422 2095 1512 2149 5(p
1530 2097 1624 2149 56).
1646 2119 1700 2126 —
1720 2094 2015 2138 Herodianus
2038 2107 2166 2138 usus
2188 2094 2275 2137 est
2296 2097 2422 2136 arte

1421 2163 1801 2221 Dionysiana:
1833 2164 1894 2208 ad
1925 2169 1993 2216 55,
2029 2168 2162 2206 1—2.
2198 2168 2267 2217 56,
2299 2168 2324 2207 3
2356 2163 2422 2214 (in

1422 2236 1544 2280 med.
1576 2252 1607 2291 p
1639 2238 1725 2290 57).
1759 2240 1829 2291 58,
1863 2240 1888 2278 2
1922 2235 1970 2278 et
1999 2239 2040 2278 4.
2080 2238 2147 2286 72,
2185 2238 2320 2280 1—2.
2351 2238 2419 2286 92,

1422 2312 1462 2351 3.
1487 2312 1555 2362 97,
1581 2313 1601 2350 1
1627 2307 1708 2362 (ad
1729 2310 1822 2350 ποῦ
1838 2305 1887 2348 in
1902 2319 1933 2360 p
1955 2305 2042 2360 98).
2064 2309 2134 2358 99,
2153 2311 2173 2346 1
2194 2304 2275 2360 (ad
2298 2306 2421 2357 νῦν).

1421 2378 1636 2426 Addend.
1670 2377 1857 2420 LXXXI
1879 2381 1945 2424 28.
1969 2402 2016 2408 —
2035 2374 2288 2418 Herodiani
2312 2373 2420 2418 doc-

1418 2448 1544 2492 trina
1589 2450 1672 2492 aut
1719 2447 2051 2491 vocabulorum
2091 2445 2422 2502 grammatico-

1421 2533 1523 2561 rum
1555 2534 1662 2562 usus
1695 2518 1989 2573 discrepat
2019 2517 2086 2560 ab
2118 2515 2418 2572 Dionysio:

1421 2589 1480 2631 ad
1510 2595 1580 2636 62,
1613 2596 1638 2633 5
1668 2590 1736 2640 (in
1766 2587 1889 2631 med.
1921 2603 1952 2644 p
1983 2587 2069 2642 63).
2100 2591 2169 2640 93,
2200 2591 2357 2640 2-94,
2381 2592 2418 2629 1.

1418 2665 1488 2714 97,
1504 2656 2422 2715 1-100,1(p97).97,1(adn00inp98).

1420 2735 1489 2783 99,
1512 2736 1531 2773 1
1558 2730 1636 2786 (ad
1666 2732 1784 2783 δῆτα
1816 2730 1865 2773 et
1884 2728 1946 2772 ad
1965 2730 2083 2782 νῦν).
2130 2727 2223 2771 ind.
2245 2743 2313 2784 gr.
2335 2729 2419 2773 sub

1419 2802 1724 2856 ἀναφορικὸν,
1746 2800 2103 2855 ἀπορηματικοὶ,
2128 2800 2417 2851 βακχευτικὰ,

1419 2873 1812 2925 ὸιαβεβαιωτικόε,
1835 2871 2205 2925 ἑρωτηματικὸν,
2228 2869 2273 2922 ἦ,
2305 2869 2420 2922 ἰδού,

1419 2944 1811 2997 μετουειαετικὸν,
1824 2941 2104 2996 μονοπρόεω
2113 2954 2201 2989 ποι,
2214 2942 2418 2992 (χετλια-

1415 3015 1560 3056 ετικὰ.
1593 3038 1643 3044 --
1678 3011 1956 3056 dissentiunt
1975 3010 2098 3053 inter
2119 3022 2166 3052 se
2189 3008 2416 3053 Herodia-

1418 3097 1504 3125 nus
1535 3084 1584 3126 et
1613 3083 2074 3140 supplementum
2097 3080 2239 3123 artis
2262 3079 2417 3126 Dion.

1420 3154 1461 3197 I:
1495 3154 1555 3197 ad
1590 3160 1681 3206 113,
1715 3161 1753 3196 1.
1804 3178 1858 3185 -—
1908 3152 2012 3196 vide
2043 3152 2290 3207 praeterea
2319 3150 2417 3193 ind.

1419 3239 1487 3279 gr.
1519 3224 1604 3267 sub
1638 3226 1790 3268 Ἰλέως
1820 3239 1851 3280 p
1887 3229 1966 3267 153
1996 3222 2067 3264 col
2100 3221 2134 3264 Ι.
2165 3247 2219 3253 —
2250 3221 2410 3275 (Hero-

1420 3294 1586 3338 dianus
1631 3295 1711 3351 qui
1756 3294 1925 3338 dicitur
1970 3295 2098 3347 περὶ
2142 3294 2418 3347 ἀκυρολο-

1417 3368 1543 3420 γίαε
1577 3366 1636 3410 ab
1660 3365 1948 3409 Boissonado
1981 3363 2156 3407 editus:
2189 3362 2321 3406 XVII
2344 3365 2415 3415 22)

316 3433 481 3478 cadio
512 3435 735 3479 tribuitur
765 3436 890 3492 (vide
923 3436 979 3479 de
1011 3438 1198 3480 auctore
1220 3436 1315 3493 epi·
1360 3437 1633 3492 Hesychii
1653 3436 1857 3480 lexicon:
1890 3435 1950 3478 ad
1973 3438 2040 3488 26,
2063 3441 2104 3478 3.
2128 3438 2196 3488 62,
2220 3440 2245 3477 5
2266 3434 2320 3490 (p
2343 3438 2415 3486 63)

315 3505 471 3548 tomae
531 3504 750 3549 Gallandi
808 3507 1183 3551 dissertationem
1241 3506 1316 3551 De
1358 3507 1626 3562 Hilgard,
1676 3506 1812 3550 Alfr.:
1866 3506 1928 3549 IX
1980 3511 2044 3551 1⁴.
2101 3504 2297 3548 XXXIII
2346 3509 2415 3548 39.

315 3575 516 3619 Arcadii
545 3577 628 3631 qui
655 3576 807 3630 fertur
835 3577 951 3621 libro
980 3592 1010 3633 p
1036 3581 1218 3631 12——163
1254 3577 1311 3621 de

317 3645 592 3689 Havniensis
614 3646 784 3690 codicis
804 3647 1083 3692 lectionibus
1098 3647 1318 3703 Egenolff

315 3715 363 3758 in
393 3730 508 3763 mus,
538 3716 746 3762 Rhenan.
768 3717 963 3762 XXXVI
992 3734 1023 3776 p
1044 3724 1140 3763 491.
1172 3724 1310 3762 494-

1414 3577 1609 3620 XXXIV
1665 3582 1732 3620 24.
1790 3576 1963 3619 XXXV
2002 3581 2070 3620 37.
2127 3575 2320 3619 XXXVI
2375 3581 2415 3620 5.

1415 3647 1632 3692 XXXVII
1661 3653 1715 3691 29
1746 3649 1795 3691 et
1824 3653 1890 3691 39.
1922 3639 2111 3690 XLVIII
2142 3652 2180 3694 7.
2210 3646 2314 3690 LIII
2346 3652 2415 3692 42.

1414 3722 1535 3776 App.
1566 3733 1596 3774 p
1628 3719 1697 3762 III

320 3791 441 3842 505):
476 3787 534 3830 ad
566 3792 634 3842 42,
665 3793 691 3831 4
722 3793 771 3845 (Ρ
801 3792 895 3843 43).
925 3794 994 3842 45,
1030 3795 1066 3834 1.
1099 3794 1313 3843 55,1-2.
1358 3790 1866 3842 Hoerschelmann,
1914 3787 2060 3831 Guil.:
2106 3787 2300 3832 XXXIII
2345 3794 2415 3833 37.

316 3864 384 3912 56,
415 3865 441 3902 3
473 3862 522 3914 (p
553 3861 640 3912 57).
670 3863 738 3913 57,
769 3865 894 3903 3-4.
926 3864 994 3915 71,
1026 3865 1063 3903 1.
1097 3865 1165 3914 72,
1192 3864 1311 3902 1-2.

316 3934 386 3983 89,
419 3934 439 3972 1
472 3930 521 3973 et
549 3934 574 3972 2
597 3931 668 3973 ter
699 3933 747 3986 (p
769 3935 823 3975 89
855 3931 904 3975 et
932 3933 1015 3984 90).
1066 3935 1135 3984 93,
1157 3934 1312 3985 2-94,

320 4006 358 4044 1.
390 4006 458 4053 97,
484 4005 506 4043 1
539 3999 617 4056 (ad
649 4004 741 4044 ποῦ
773 4014 803 4056 Ρ
824 4005 911 4054 98).
946 4006 1015 4054 99,
1038 4006 1061 4044 1
1094 4001 1174 4056 (ad
1194 4003 1313 4056 δῆτα

1413 3859 1608 3903 XXXIV
1641 3865 1706 3905 16.
1753 3859 1923 3903 XXXV
1946 3864 2013 3902 32.
2057 3857 2336 3902 XXXV140.
2379 3858 2415 3902 L

1414 3936 1481 3974 29.
1523 3931 1583 3974 ad
1616 3937 1682 3984 17,
1704 3937 1744 3975 3.
1805 3929 2016 3985 Append.
2047 3944 2078 3985 p
2101 3929 2180 3973 III.
2218 3929 2314 3976 ind.
2343 3943 2413 3986 gr.

1414 4002 1498 4044 sub
1534 4002 1653 4045 κατά

318 4074 368 4115 et
405 4071 466 4115 ad
496 4071 619 4126 νῦν).
662 4071 756 4114 ind.
789 4085 857 4127 gr.
888 4071 973 4115 sub
1005 4085 1313 4126 μετουειαετι-
1358 4071 1721 4128 Holstenius,
1754 4071 1920 4115 Lucas:
1954 4070 2063 4113 VIII
2093 4074 2142 4116 21
