2814 4400
375 279 500 324 XCII
1040 283 1338 327 ADDENDA
1368 284 1445 328 ET
1477 285 1873 330 CORRIGENDA

519 410 583 461 ad
622 411 716 477 61,
743 409 889 463 3-4
927 414 1013 465 καὶ
1060 413 1166 466 ἔετι
1214 411 1569 479 προτακτικὸν
1608 417 1703 479 μὲν
1742 415 1800 484 ὁ,
1850 416 2205 469 ὑποτακτικὸν
2244 418 2302 470 δὲ
2342 417 2425 487 ὅς]
2476 414 2542 472 S:

376 500 423 548 et
468 497 534 549 ab
581 498 733 548 initio
783 497 991 562 quidem
1028 499 1251 565 ponitur
1289 503 1348 551 ut
1391 501 1450 551 in
1489 500 1674 568 linqua
1711 501 1951 568 syriaca,
2000 502 2061 553 in
2095 502 2200 568 fine
2236 520 2355 555 vero
2392 507 2450 556 ut
2484 504 2544 556 in

377 581 560 648 linqua
593 599 800 648 yraeca.
865 582 1074 635 videtur
1111 583 1245 635 mihi
1282 584 1595 636 traiectione
1634 585 1806 637 versio
1846 584 2087 637 sananda
2111 603 2244 653 esse,
2284 590 2344 639 ut
2368 588 2543 656 priore

375 666 490 717 loco
525 684 717 733 yraeca
752 668 1090 737 conlocetur,
1130 670 1421 737 posteriore
1458 670 1683 738 syriaca.
1751 689 1875 722 nam
1913 671 2276 739 praepositivo
2316 673 2540 725 articulo

376 769 592 818 prorsus
643 755 827 805 carent
865 751 1013 822 Syri,
1065 773 1175 807 non
1214 755 1472 822 ignorant
1507 773 1805 823 pronomen
1843 755 2142 807 relativum.
2192 789 2250 794 —
2294 756 2543 810 Ceterum
2586 773 2608 804 5

376 840 550 888 totum
590 837 692 890 hoc
730 839 1070 891 enuntiatum
1109 859 1139 891 a
1178 839 1476 908 posteriore
1514 858 1677 892 manu
1716 841 1891 893 verbis
1922 839 2266 910 Dionysianis
2303 842 2542 895 additum

376 940 490 973 esse
528 923 732 975 conieci
771 924 834 977 Z.
873 923 1399 993 Wiederherstelluny
1436 944 1471 994 Ρ
1513 925 1596 978 76.

518 1080 584 1131 ad
622 1079 716 1148 62,
748 1080 827 1133 l-
855 1080 909 1134 2.
983 1082 1484 1146 Παρέπεται-οὖν
1524 1083 1616 1136 εἰει
1654 1083 1793 1152 τρία]
1833 1082 2023 1135 horum
2064 1083 2344 1135 verborum
2382 1084 2542 1137 inter-

374 1165 605 1233 pretatio
633 1166 690 1217 in
717 1168 961 1219 versione
988 1167 1248 1236 syriaca
1273 1167 1557 1219 intercidit.
1602 1169 1633 1221 ὁ
1660 1170 1903 1238 ποιητής,
1929 1170 1961 1234 ἡ
1989 1169 2208 1233 ποίηειε,
2248 1170 2311 1222 τὸ
2339 1170 2541 1236 ποίημα

376 1248 415 1305 S
457 1255 767 1303 convertere
815 1251 994 1304 studet
1040 1254 1333 1320 praemissa
1381 1270 1443 1304 ea
1490 1270 1639 1320 voce,
1687 1272 1791 1321 qua
1831 1253 1952 1308 οἷον
1991 1253 2207 1306 reddere
2245 1254 2403 1321 solet;
2453 1254 2544 1308 sed
2570 1271 2611 1303 10

376 1336 632 1389 articulos
659 1355 770 1389 non
796 1339 1009 1406 poterat
1033 1355 1140 1389 non
1170 1338 1434 1403 omittere,
1466 1338 1663 1406 quippe
1685 1339 1877 1406 quibus
1900 1340 2088 1409 lingua
2115 1340 2319 1408 syriaca
2344 1343 2547 1393 careret

374 1421 481 1489 (cfr
517 1422 760 1473 Armenii
799 1423 1223 1490 interpretatio);
1274 1440 1335 1475 ac
1372 1441 1441 1474 ne
1479 1423 1680 1488 ποίημα
1719 1424 1932 1492 quidem
1977 1426 2275 1493 exprimere
2318 1428 2545 1496 poterat,

374 1507 501 1575 quia
527 1505 648 1576 Syri
675 1508 777 1559 duo
816 1511 1026 1559 tantum
1067 1526 1267 1577 genera
1296 1508 1652 1576 distinguunt,
1691 1508 1782 1560 sed
1809 1511 1991 1577 posuit
2015 1528 2111 1578 pro
2138 1510 2301 1562 tertio
2327 1511 2546 1564 nomine

374 1592 687 1661 genetivum
711 1593 872 1662 primi
899 1594 1181 1662 (factoris).
1210 1626 1276 1632 —
1305 1593 1370 1645 In
1391 1589 1568 1646 verbis
1583 1592 1829 1662 Dionysii
1848 1594 2105 1647 debebam
2132 1596 2304 1647 crucis
2329 1597 2546 1666 signum

370 1680 495 1730 ante
534 1679 626 1732 εἰει
664 1697 775 1730 non
813 1678 990 1731 minus
1028 1698 1227 1748 ponere
1254 1698 1415 1749 quam
1449 1679 1605 1747 posui
1638 1681 1764 1732 ante
1803 1681 2053 1743 λέγονται
2091 1699 2126 1749 Ρ
2160 1682 2236 1744 11,
2265 1680 2299 1732 2
2337 1685 2392 1734 et
2416 1683 2542 1734 ante
2567 1697 2608 1729 1⁵
2686 1739 2690 1742 ,

372 1764 498 1817 εἰςιν
536 1782 571 1832 Ρ
611 1765 783 1829 30,1.
830 1796 897 1803 ——
949 1764 1193 1834 Denique
1242 1765 1348 1819 hoc
1385 1765 1505 1817 loco
1554 1764 1854 1818 addendum
1906 1770 2013 1833 est,
2061 1766 2179 1832 τρία
2228 1766 2372 1835 quod
2419 1769 2546 1820 ante

371 1850 402 1902 ὁ
443 1851 665 1915 ποιητής
713 1850 911 1918 legitur
959 1869 1067 1903 non
1105 1851 1336 1916 inveniri
1377 1868 1683 1920 expressum
1730 1851 1787 1903 in
1827 1850 2065 1905 Girbiedi
2104 1851 2340 1904 editione
2378 1852 2544 1905 intere

371 1935 689 2002 pretationis
728 1936 1078 2004 armeniacae,
1120 1936 1211 1988 sed
1251 1936 1418 1989 videri
1454 1936 1662 1989 incuria
1689 1936 1894 1989 librarii
1919 1940 2013 1989 aut
2039 1937 2259 1989 editoris
2287 1938 2545 1990 omissum

372 2038 501 2084 esse,
541 2020 620 2072 cfr
658 2020 966 2074 Merxianae
993 2018 1385 2091 'disputationis
1423 2041 1458 2091 p
1499 2021 1643 2074 LXX
1669 2023 1753 2077 30.

514 2177 580 2229 ad
618 2178 713 2246 62,
741 2178 887 2231 3-4
927 2179 1290 2245 Ἀριθμοὶ-οἱ
1316 2180 1369 2232 αἱ
1394 2180 1482 2248 τὰ]
1525 2176 1564 2233 S
1591 2178 1679 2231 hic
1707 2179 1844 2230 nihil
1870 2178 1974 2230 nisi
2000 2179 2195 2247 repetit
2220 2198 2353 2248 quae
2380 2198 2543 2249 supra
2563 2197 2606 2231 πο

372 2282 405 2331 p
445 2263 528 2325 30,
555 2263 589 2316 5
628 2263 691 2316 de
729 2265 1009 2316 nominum
1046 2265 1282 2316 numeris
1322 2265 1542 2333 syriacis
1582 2264 1815 2317 dixerat:
1863 2265 2072 2318 numeri
2107 2282 2227 2318 vero
2262 2269 2387 2318 sunt
2422 2266 2541 2332 dvm,

370 2349 663 2414 simulacris
699 2354 744 2402 et
776 2351 1032 2418 pluraliS,
1071 2351 1365 2418 sinyularis
1402 2351 1611 2417 quidem
1648 2351 1785 2403 velut
1821 2352 1996 2420 homp,
2027 2351 2264 2418 pluralis
2299 2368 2416 2404 vero
2454 2351 2544 2405 ho-

371 2437 549 2487 mines.
630 2435 708 2487 cfr
744 2435 888 2486 infra
925 2435 990 2487 ad
1028 2435 1113 2502 76,
1146 2437 1189 2487 1.
1230 2468 1296 2473 —
1339 2435 1417 2488 De
1466 2436 1768 2488 armeniaca
1816 2436 2008 2487 horum
2057 2437 2340 2489 verborum
2377 2437 2541 2489 inter-

372 2520 674 2588 pretatione
713 2521 833 2573 vide
871 2520 1040 2590 praef.
1083 2520 1258 2573 LXIX
1283 2520 1575 2573 38-LXX
1605 2522 1684 2576 11.

514 2678 578 2729 ad
628 2676 722 2745 62,
751 2678 805 2731 5.
879 2696 1185 2730 numerus
1235 2695 1453 2730 casuum
1503 2696 1571 2731 ne
1617 2678 1674 2730 in
1721 2679 1984 2747 syriaca
2033 2677 2247 2747 quidem
2294 2679 2605 2732 versionem

371 2762 584 2832 legitur.
658 2763 818 2832 plane
858 2763 1049 2816 desunt
1085 2762 1282 2815 ibidem
1322 2763 1578 2832 exempla.
1656 2763 1775 2816 vide
1813 2762 2103 2816 editionem
2141 2762 2349 2816 Merxii.

511 2919 578 2972 ad
616 2919 710 2988 63,
741 2921 793 2974 l.
868 2921 1026 2973 index
1052 2920 1209 2973 huius
1235 2920 1427 2989 capitis
1462 2920 1767 2989 syriacus
1804 2919 1942 2972 nihil
1968 2919 2172 2972 indicat
2197 2919 2302 2972 nisi
2329 2921 2393 2974 de
2418 2939 2539 2991 pro·

371 3007 586 3060 nomine
625 3006 891 3076 agendum
919 3025 1048 3072 esse,
1089 3007 1227 3075 quod
1265 3006 1458 3059 diserte
1485 3007 1602 3059 dico
1639 3008 1856 3075 propter
1894 3005 2124 3058 indicem
2164 3006 2537 3060 armeniacum.

513 3165 578 3217 ad
618 3163 712 3231 63,
740 3165 790 3217 2.
857 3161 923 3218 S:
966 3165 1294 3229 Ἀντωνυμία
1331 3167 1506 3217 autem
1544 3164 1649 3217 ἐετὶ
1684 3180 1801 3232 vox,
1840 3163 1996 3215 dictio
2035 3162 2221 3229 aliqua
2260 3163 2380 3217 ἀντὶ
2417 3164 2540 3218 ὀνό-

371 3270 535 3316 ματος
573 3251 1098 3316 παραλαμβανομένη
1139 3253 1185 3302 et
1221 3253 1294 3302 est
1341 3250 1652 3313 προεώπων
1693 3249 2004 3314 ὡριεμένων
2044 3250 2323 3313 δηλωτική.
2403 3250 2538 3303 λέξις
2562 3264 2603 3297 30

370 3355 567 3388 nomen
595 3336 879 3404 dupliciter
917 3335 1192 3387 transtulit
1228 3335 1364 3406 (vox,
1407 3334 1583 3403 dictio)
1624 3352 1679 3386 se
1711 3334 1825 3402 ipse
1854 3333 2141 3402 corrigens,
2182 3364 2249 3370 ——
2289 3331 2537 3402 [DISOR.

374 3421 464 3473 ET
491 3420 796 3489 TESTIM]
838 3420 977 3489 quod
1015 3421 1397 3489 prolegomena
1424 3419 1748 3472 scholiorum
1778 3419 1895 3471 cod.
1926 3417 2179 3470 Vaticani
2211 3419 2275 3469 14
2304 3418 2536 3483 tradunt,

374 3507 686 3576 Dionysium
741 3505 1140 3558 Aristarcheum
1186 3505 1470 3557 articulum
1518 3510 1572 3558 et
1621 3521 1919 3573 pronomen
1968 3504 2025 3555 in
2073 3521 2233 3555 unam
2279 3503 2539 3557 orationis

372 3596 580 3661 partem
628 3591 902 3660 copulasse
947 3590 1052 3660 (cfr
1091 3591 1411 3643 Addendum
1461 3590 1526 3642 ad
1566 3590 1659 3653 23,
1698 3589 1887 3660 2—3),
1940 3588 2042 3640 hoc
2090 3606 2152 3639 ex
2198 3588 2334 3641 falsa
2379 3588 2538 3642 inter-

371 3677 672 3746 pretatione
715 3676 816 3729 loci
850 3677 1225 3744 Apolloniam,
1271 3695 1426 3745 quem
1471 3676 1647 3744 ipsum
1695 3692 1905 3743 quoque
1943 3674 2317 3742 exscripsimus
2332 3715 2346 3742 ,
2393 3676 2600 3726 recte³5

372 3763 680 3832 repetivisse
720 3762 926 3813 videtur
966 3760 1134 3813 Maur.
1166 3760 1408 3814 Schmidt
1435 3760 1625 3813 Philol.
1655 3758 1790 3812 VIII
1815 3778 1849 3827 Ρ
1875 3759 1996 3811 513.
2073 3758 2188 3811 vide
2215 3758 2276 3811 Z.
2305 3756 2536 3812 Wieder-

373 3849 687 3916 herstelluny
725 3867 758 3916 p
799 3848 883 3900 83.

515 4005 578 4056 ad
619 4004 715 4072 64,
745 4003 906 4057 1-2.
982 4000 1020 4057 S
1061 4003 1211 4072 αὐτῇ,
1251 4021 1357 4055 11οη
1396 4009 1458 4073 τῇ
1486 4003 1791 4072 ἀντωνυμίᾳ
1829 4000 2105 4070 exprimit3
2147 4018 2254 4052 non
2283 3999 2337 4053 ἕξ
2362 3997 2536 4051 reddit

374 4088 538 4159 (quod
579 4108 645 4141 ne
675 4088 958 4140 Armenius
997 4087 1210 4156 quidem
1248 4087 1666 4158 interpretatur),
1706 4085 1797 4139 sed
1836 4086 1977 4138 illius
2016 4085 2130 4138 loco
2168 4083 2384 4137 exhibet
2416 4101 2535 4152 pro-
