<?xml version="1.0" encoding="UTF-8"?>
<!DOCTYPE html PUBLIC "-//W3C//DTD XHTML 1.0 Transitional//EN"
    "http://www.w3.org/TR/xhtml1/DTD/xhtml1-transitional.dtd">
<html xmlns="http://www.w3.org/1999/xhtml" xml:lang="en" lang="en">
 <head>
  <title>
</title>
<meta http-equiv="Content-Type" content="text/html;charset=utf-8" />
  <meta name='ocr-system' content='tesseract 3.04.00' />
  <meta name='ocr-capabilities' content='ocr_page ocr_carea ocr_par ocr_line ocrx_word'/>
</head>
<body>
  <div class='ocr_page' id='page_1' title='image "./dionysiithracisa00dionuoft_0041.png"; bbox 0 0 2814 4400; ppageno 0'>
   <div class='ocr_carea' id='block_1_1' title="bbox 833 269 2398 326">
    <p class='ocr_par' dir='ltr' id='par_1_1' title="bbox 833 269 2398 326">
     <span class='ocr_line' id='line_1_1' title="bbox 833 269 2398 326; baseline -0.002 -11"><span class='ocrx_word' id='word_1_1' title='bbox 833 271 913 315; x_wconf 79' lang='lat' dir='ltr'>DE</span> <span class='ocrx_word' id='word_1_2' title='bbox 943 270 1206 315; x_wconf 87' lang='lat' dir='ltr'>EPlTOMA</span> <span class='ocrx_word' id='word_1_3' title='bbox 1236 270 1315 314; x_wconf 85' lang='lat' dir='ltr'>DE</span> <span class='ocrx_word' id='word_1_4' title='bbox 1346 270 1736 315; x_wconf 84' lang='lat' dir='ltr'>EROTEMATIS</span> <span class='ocrx_word' id='word_1_5' title='bbox 1768 273 1848 326; x_wconf 84' lang='grc' dir='ltr'>(Ε)</span> <span class='ocrx_word' id='word_1_6' title='bbox 2298 269 2398 313; x_wconf 91' lang='lat' dir='ltr'>XLI</span> 
     </span>
    </p>
   </div>
   <div class='ocr_carea' id='block_1_2' title="bbox 249 396 2400 466">
    <p class='ocr_par' dir='ltr' id='par_1_2' title="bbox 249 396 2400 466">
     <span class='ocr_line' id='line_1_2' title="bbox 249 396 2400 466; baseline -0.002 -13"><span class='ocrx_word' id='word_1_7' title='bbox 249 401 428 454; x_wconf 91' lang='lat' dir='ltr'>libello</span> <span class='ocrx_word' id='word_1_8' title='bbox 466 401 588 465; x_wconf 87' lang='grc' dir='ltr'>περὶ</span> <span class='ocrx_word' id='word_1_9' title='bbox 623 398 968 466; x_wconf 81' lang='grc' dir='ltr'>πνευμάτων,</span> <span class='ocrx_word' id='word_1_10' title='bbox 1016 398 1079 450; x_wconf 89' lang='lat' dir='ltr'>de</span> <span class='ocrx_word' id='word_1_11' title='bbox 1117 416 1223 466; x_wconf 91' lang='lat' dir='ltr'>quo</span> <span class='ocrx_word' id='word_1_12' title='bbox 1262 397 1381 449; x_wconf 90' lang='lat' dir='ltr'>vide</span> <span class='ocrx_word' id='word_1_13' title='bbox 1426 396 1568 449; x_wconf 88' lang='lat' dir='ltr'>infra</span> <span class='ocrx_word' id='word_1_14' title='bbox 1604 416 1638 465; x_wconf 91' lang='lat' dir='ltr'><strong>p</strong></span> <span class='ocrx_word' id='word_1_15' title='bbox 1678 397 1767 450; x_wconf 80' lang='lat' dir='ltr'>LV</span> <span class='ocrx_word' id='word_1_16' title='bbox 1802 397 1896 465; x_wconf 81' lang='lat'>393</span> <span class='ocrx_word' id='word_1_17' title='bbox 1951 397 2141 449; x_wconf 86' lang='lat' dir='ltr'>ultimo</span> <span class='ocrx_word' id='word_1_18' title='bbox 2178 397 2400 463; x_wconf 89' lang='lat' dir='ltr'>denique</span> 
     </span>
    </p>
   </div>
   <div class='ocr_carea' id='block_1_3' title="bbox 245 480 2398 637">
    <p class='ocr_par' dir='ltr' id='par_1_3' title="bbox 245 480 2398 637">
     <span class='ocr_line' id='line_1_3' title="bbox 246 480 2398 554; baseline -0.002 -17"><span class='ocrx_word' id='word_1_19' title='bbox 246 504 283 553; x_wconf 89' lang='lat' dir='ltr'>p</span> <span class='ocrx_word' id='word_1_20' title='bbox 311 483 708 554; x_wconf 62' lang='lat'>44626—45014</span> <span class='ocrx_word' id='word_1_21' title='bbox 770 481 1030 535; x_wconf 87' lang='lat' dir='ltr'>nonnulla</span> <span class='ocrx_word' id='word_1_22' title='bbox 1094 481 1450 550; x_wconf 89' lang='lat' dir='ltr'>supplementi</span> <span class='ocrx_word' id='word_1_23' title='bbox 1504 483 1626 546; x_wconf 85' lang='grc' dir='ltr'>περὶ</span> <span class='ocrx_word' id='word_1_24' title='bbox 1681 483 1974 550; x_wconf 84' lang='grc' dir='ltr'>διχρόνων,</span> <span class='ocrx_word' id='word_1_25' title='bbox 2030 481 2095 534; x_wconf 90' lang='lat' dir='ltr'>de</span> <span class='ocrx_word' id='word_1_26' title='bbox 2141 498 2244 550; x_wconf 94' lang='lat' dir='ltr'>quo</span> <span class='ocrx_word' id='word_1_27' title='bbox 2290 480 2398 533; x_wconf 83' lang='lat' dir='ltr'>dixi</span> 
     </span>
     <span class='ocr_line' id='line_1_4' title="bbox 245 563 1378 637; baseline -0.004 -16"><span class='ocrx_word' id='word_1_28' title='bbox 245 563 406 637; x_wconf 87' lang='lat' dir='ltr'>supra</span> <span class='ocrx_word' id='word_1_29' title='bbox 442 587 476 637; x_wconf 92' lang='lat' dir='ltr'>p</span> <span class='ocrx_word' id='word_1_30' title='bbox 503 565 713 620; x_wconf 89' lang='lat' dir='ltr'>XXVII</span> <span class='ocrx_word' id='word_1_31' title='bbox 739 568 806 619; x_wconf 83' lang='lat'>37</span> <span class='ocrx_word' id='word_1_32' title='bbox 847 567 901 618; x_wconf 90' lang='lat' dir='ltr'>et</span> <span class='ocrx_word' id='word_1_33' title='bbox 935 564 1077 618; x_wconf 88' lang='lat' dir='ltr'>infra</span> <span class='ocrx_word' id='word_1_34' title='bbox 1112 583 1147 633; x_wconf 92' lang='lat' dir='ltr'>p</span> <span class='ocrx_word' id='word_1_35' title='bbox 1173 563 1266 617; x_wconf 87' lang='lat' dir='ltr'>LV</span> <span class='ocrx_word' id='word_1_36' title='bbox 1291 564 1378 617; x_wconf 81' lang='lat'>29.</span> 
     </span>
    </p>
   </div>
   <div class='ocr_carea' id='block_1_4' title="bbox 174 689 2401 2352">
    <p class='ocr_par' dir='ltr' id='par_1_4' title="bbox 174 689 2401 2352">
     <span class='ocr_line' id='line_1_5' title="bbox 385 689 2398 760; baseline -0.001 -14"><span class='ocrx_word' id='word_1_37' title='bbox 385 693 465 746; x_wconf 90' lang='lat' dir='ltr'>De</span> <span class='ocrx_word' id='word_1_38' title='bbox 514 694 703 746; x_wconf 91' lang='lat' dir='ltr'>ceteris</span> <span class='ocrx_word' id='word_1_39' title='bbox 750 692 865 745; x_wconf 88' lang='lat' dir='ltr'>aevi</span> <span class='ocrx_word' id='word_1_40' title='bbox 905 690 1173 744; x_wconf 87' lang='lat' dir='ltr'>inferioris</span> <span class='ocrx_word' id='word_1_41' title='bbox 1221 689 1672 745; x_wconf 74' lang='lat' dir='ltr'>commentariolis</span> <span class='ocrx_word' id='word_1_42' title='bbox 1721 693 1773 743; x_wconf 88' lang='lat' dir='ltr'>et</span> <span class='ocrx_word' id='word_1_43' title='bbox 1808 691 2218 760; x_wconf 88' lang='lat' dir='ltr'>paraphrasibus</span> <span class='ocrx_word' id='word_1_44' title='bbox 2267 692 2398 744; x_wconf 86' lang='lat' dir='ltr'>alias</span> 
     </span>
     <span class='ocr_line' id='line_1_6' title="bbox 202 774 2397 850; baseline 0 -21"><span class='ocrx_word' id='word_1_45' title='bbox 202 796 222 829; x_wconf 88' lang='lat'><strong>5</strong></span> <span class='ocrx_word' id='word_1_46' title='bbox 245 796 418 850; x_wconf 86' lang='lat' dir='ltr'>agam.</span> <span class='ocrx_word' id='word_1_47' title='bbox 448 838 452 841; x_wconf 37' lang='grc'>,</span> <span class='ocrx_word' id='word_1_48' title='bbox 483 778 575 830; x_wconf 88' lang='lat' dir='ltr'>sed</span> <span class='ocrx_word' id='word_1_49' title='bbox 609 776 880 846; x_wconf 85' lang='lat' dir='ltr'>tangenda</span> <span class='ocrx_word' id='word_1_50' title='bbox 906 778 1047 828; x_wconf 79' lang='lat' dir='ltr'>cer&#39;te</span> <span class='ocrx_word' id='word_1_51' title='bbox 1090 774 1191 828; x_wconf 92' lang='lat' dir='ltr'>hoc</span> <span class='ocrx_word' id='word_1_52' title='bbox 1239 776 1352 828; x_wconf 92' lang='lat' dir='ltr'>loco</span> <span class='ocrx_word' id='word_1_53' title='bbox 1390 774 1549 827; x_wconf 88' lang='lat' dir='ltr'>etiam</span> <span class='ocrx_word' id='word_1_54' title='bbox 1587 774 1882 842; x_wconf 89' lang='lat' dir='ltr'>epitoma</span> <span class='ocrx_word' id='word_1_55' title='bbox 1919 777 2397 844; x_wconf 76' lang='lat' dir='ltr'>grammaticae</span> 
     </span>
     <span class='ocr_line' id='line_1_7' title="bbox 243 858 2395 931; baseline -0.001 -15"><span class='ocrx_word' id='word_1_56' title='bbox 243 867 349 931; x_wconf 85' lang='lat' dir='ltr'>est,</span> <span class='ocrx_word' id='word_1_57' title='bbox 387 863 535 915; x_wconf 89' lang='lat' dir='ltr'>cuius</span> <span class='ocrx_word' id='word_1_58' title='bbox 561 862 790 931; x_wconf 85' lang='lat' dir='ltr'>priorem</span> <span class='ocrx_word' id='word_1_59' title='bbox 815 862 1019 929; x_wconf 85' lang='lat' dir='ltr'>partem</span> <span class='ocrx_word' id='word_1_60' title='bbox 1053 860 1185 912; x_wconf 79' lang='grc'><strong>1822</strong></span> <span class='ocrx_word' id='word_1_61' title='bbox 1210 859 1464 912; x_wconf 85' lang='lat' dir='ltr'>Titzius</span> <span class='ocrx_word' id='word_1_62' title='bbox 1491 858 1657 911; x_wconf 90' lang='lat' dir='ltr'>edidit</span> <span class='ocrx_word' id='word_1_63' title='bbox 1681 860 1737 911; x_wconf 91' lang='lat' dir='ltr'>in</span> <span class='ocrx_word' id='word_1_64' title='bbox 1763 858 2040 912; x_wconf 79' lang='lat' dir='ltr'>Manuelis</span> <span class='ocrx_word' id='word_1_65' title='bbox 2066 860 2395 928; x_wconf 76' lang='lat' dir='ltr'>Moschopnli</span> 
     </span>
     <span class='ocr_line' id='line_1_8' title="bbox 245 943 2397 1015; baseline -0.002 -15"><span class='ocrx_word' id='word_1_66' title='bbox 245 947 503 1001; x_wconf 73' lang='lat' dir='ltr'>Cretensis</span> <span class='ocrx_word' id='word_1_67' title='bbox 528 946 787 1015; x_wconf 75' lang='lat' dir='ltr'>opusculis</span> <span class='ocrx_word' id='word_1_68' title='bbox 806 946 1191 1013; x_wconf 76' lang='lat' dir='ltr'>yrammaticis,</span> <span class='ocrx_word' id='word_1_69' title='bbox 1219 944 1406 996; x_wconf 86' lang='lat' dir='ltr'>deinde</span> <span class='ocrx_word' id='word_1_70' title='bbox 1433 943 1847 996; x_wconf 71' lang='lat' dir='ltr'>emendatiorem</span> <span class='ocrx_word' id='word_1_71' title='bbox 1874 943 2279 1014; x_wconf 87' lang='lat' dir='ltr'>doctissimaque</span> <span class='ocrx_word' id='word_1_72' title='bbox 2307 946 2397 997; x_wconf 87' lang='lat' dir='ltr'>ad-</span> 
     </span>
     <span class='ocr_line' id='line_1_9' title="bbox 243 1026 2394 1097; baseline -0.001 -13"><span class='ocrx_word' id='word_1_73' title='bbox 243 1031 521 1084; x_wconf 75' lang='lat' dir='ltr'>notatione</span> <span class='ocrx_word' id='word_1_74' title='bbox 563 1031 880 1083; x_wconf 80' lang='lat' dir='ltr'>instructam</span> <span class='ocrx_word' id='word_1_75' title='bbox 937 1046 1080 1080; x_wconf 87' lang='lat' dir='ltr'>anno</span> <span class='ocrx_word' id='word_1_76' title='bbox 1132 1028 1264 1081; x_wconf 82' lang='lat'>1877</span> <span class='ocrx_word' id='word_1_77' title='bbox 1322 1026 1647 1097; x_wconf 86' lang='lat' dir='ltr'>Egenolff</span> <span class='ocrx_word' id='word_1_78' title='bbox 1659 1046 1728 1079; x_wconf 87' lang='lat' dir='ltr'>us</span> <span class='ocrx_word' id='word_1_79' title='bbox 1782 1026 1883 1079; x_wconf 90' lang='lat' dir='ltr'>hoc</span> <span class='ocrx_word' id='word_1_80' title='bbox 1931 1028 2087 1080; x_wconf 90' lang='lat' dir='ltr'>titulo</span> <span class='ocrx_word' id='word_1_81' title='bbox 2136 1030 2394 1096; x_wconf 87' lang='lat' dir='ltr'>praefixo:</span> 
     </span>
     <span class='ocr_line' id='line_1_10' title="bbox 242 1111 2397 1184; baseline -0.002 -14"><span class='ocrx_word' id='word_1_82' title='bbox 242 1116 514 1184; x_wconf 75' lang='lat' dir='ltr'>Anonymi</span> <span class='ocrx_word' id='word_1_83' title='bbox 533 1114 901 1183; x_wconf 70' lang='lat' dir='ltr'>yrammatioae</span> <span class='ocrx_word' id='word_1_84' title='bbox 926 1119 1145 1181; x_wconf 77' lang='lat' dir='ltr'>epitonia</span> <span class='ocrx_word' id='word_1_85' title='bbox 1182 1113 1343 1166; x_wconf 80' lang='lat' dir='ltr'>Liber</span> <span class='ocrx_word' id='word_1_86' title='bbox 1368 1114 1536 1180; x_wconf 75' lang='lat' dir='ltr'>prior.</span> <span class='ocrx_word' id='word_1_87' title='bbox 1601 1111 1755 1164; x_wconf 90' lang='lat' dir='ltr'>huius</span> <span class='ocrx_word' id='word_1_88' title='bbox 1794 1111 1955 1164; x_wconf 90' lang='lat' dir='ltr'>libelli</span> <span class='ocrx_word' id='word_1_89' title='bbox 1996 1111 2397 1181; x_wconf 85' lang='lat' dir='ltr'>inscriptionem</span> 
     </span>
     <span class='ocr_line' id='line_1_11' title="bbox 180 1196 2397 1269; baseline 0.001 -19"><span class='ocrx_word' id='word_1_90' title='bbox 180 1219 222 1251; x_wconf 88' lang='lat'>10</span> <span class='ocrx_word' id='word_1_91' title='bbox 244 1219 360 1254; x_wconf 89' lang='lat' dir='ltr'>eam</span> <span class='ocrx_word' id='word_1_92' title='bbox 399 1217 532 1268; x_wconf 86' lang='lat' dir='ltr'>quae</span> <span class='ocrx_word' id='word_1_93' title='bbox 570 1201 624 1250; x_wconf 89' lang='lat' dir='ltr'>et</span> <span class='ocrx_word' id='word_1_94' title='bbox 659 1199 716 1251; x_wconf 90' lang='lat' dir='ltr'>in</span> <span class='ocrx_word' id='word_1_95' title='bbox 754 1197 910 1250; x_wconf 88' lang='lat' dir='ltr'>Titzii</span> <span class='ocrx_word' id='word_1_96' title='bbox 949 1197 1125 1250; x_wconf 92' lang='lat' dir='ltr'>codice</span> <span class='ocrx_word' id='word_1_97' title='bbox 1163 1199 1218 1269; x_wconf 84' lang='lat' dir='ltr'>et</span> <span class='ocrx_word' id='word_1_98' title='bbox 1254 1197 1310 1249; x_wconf 91' lang='lat' dir='ltr'>in</span> <span class='ocrx_word' id='word_1_99' title='bbox 1349 1196 1556 1249; x_wconf 87' lang='lat' dir='ltr'>Veneto</span> <span class='ocrx_word' id='word_1_100' title='bbox 1594 1196 1882 1266; x_wconf 83' lang='lat' dir='ltr'>exemplari</span> <span class='ocrx_word' id='word_1_101' title='bbox 1918 1196 2140 1266; x_wconf 85' lang='lat' dir='ltr'>legitur:</span> <span class='ocrx_word' id='word_1_102' title='bbox 2180 1198 2397 1265; x_wconf 83' lang='grc' dir='ltr'>ἐπιτομὴ</span> 
     </span>
     <span class='ocr_line' id='line_1_12' title="bbox 243 1280 2401 1353; baseline -0.001 -14"><span class='ocrx_word' id='word_1_103' title='bbox 243 1286 339 1340; x_wconf 88' lang='grc' dir='ltr'>νέα</span> <span class='ocrx_word' id='word_1_104' title='bbox 362 1287 746 1353; x_wconf 72' lang='grc' dir='ltr'>γραμματικῆς,</span> <span class='ocrx_word' id='word_1_105' title='bbox 786 1282 1072 1334; x_wconf 87' lang='lat' dir='ltr'>Hartius</span> <span class='ocrx_word' id='word_1_106' title='bbox 1110 1281 1167 1333; x_wconf 90' lang='lat' dir='ltr'>in</span> <span class='ocrx_word' id='word_1_107' title='bbox 1205 1281 1385 1334; x_wconf 87' lang='lat' dir='ltr'>libello</span> <span class='ocrx_word' id='word_1_108' title='bbox 1422 1281 1738 1334; x_wconf 84' lang='lat' dir='ltr'>scholastico</span> <span class='ocrx_word' id='word_1_109' title='bbox 1782 1280 2111 1334; x_wconf 88' lang='lat' dir='ltr'>Berolinensi</span> <span class='ocrx_word' id='word_1_110' title='bbox 2154 1283 2280 1335; x_wconf 83' lang='lat'>1871</span> <span class='ocrx_word' id='word_1_111' title='bbox 2325 1283 2401 1336; x_wconf 88' lang='lat' dir='ltr'>ita</span> 
     </span>
     <span class='ocr_line' id='line_1_13' title="bbox 242 1365 2396 1437; baseline -0.001 -16"><span class='ocrx_word' id='word_1_112' title='bbox 242 1369 622 1437; x_wconf 84' lang='lat' dir='ltr'>interpretatus</span> <span class='ocrx_word' id='word_1_113' title='bbox 670 1370 771 1433; x_wconf 80' lang='lat' dir='ltr'>est,</span> <span class='ocrx_word' id='word_1_114' title='bbox 820 1370 879 1419; x_wconf 91' lang='lat' dir='ltr'>ut</span> <span class='ocrx_word' id='word_1_115' title='bbox 924 1367 1172 1436; x_wconf 86' lang='lat' dir='ltr'>genetivo</span> <span class='ocrx_word' id='word_1_116' title='bbox 1209 1365 1596 1435; x_wconf 86' lang='lat' dir='ltr'>Dionysianam</span> <span class='ocrx_word' id='word_1_117' title='bbox 1634 1368 1802 1418; x_wconf 90' lang='lat' dir='ltr'>artem</span> <span class='ocrx_word' id='word_1_118' title='bbox 1841 1366 2131 1435; x_wconf 87' lang='lat' dir='ltr'>significari</span> <span class='ocrx_word' id='word_1_119' title='bbox 2168 1370 2396 1435; x_wconf 88' lang='lat' dir='ltr'>putaret.</span> 
     </span>
     <span class='ocr_line' id='line_1_14' title="bbox 242 1449 2394 1522; baseline -0 -17"><span class='ocrx_word' id='word_1_120' title='bbox 242 1471 397 1522; x_wconf 90' lang='lat' dir='ltr'>quam</span> <span class='ocrx_word' id='word_1_121' title='bbox 426 1452 733 1521; x_wconf 89' lang='lat' dir='ltr'>opinionem</span> <span class='ocrx_word' id='word_1_122' title='bbox 753 1451 1060 1521; x_wconf 88' lang='lat' dir='ltr'>Egenolffus</span> <span class='ocrx_word' id='word_1_123' title='bbox 1086 1450 1253 1520; x_wconf 86' lang='lat' dir='ltr'>praef.</span> <span class='ocrx_word' id='word_1_124' title='bbox 1280 1470 1315 1519; x_wconf 93' lang='lat' dir='ltr'>p</span> <span class='ocrx_word' id='word_1_125' title='bbox 1338 1449 1441 1502; x_wconf 95' lang='lat' dir='ltr'>VII</span> <span class='ocrx_word' id='word_1_126' title='bbox 1456 1469 1584 1519; x_wconf 89' lang='lat' dir='ltr'>seqq</span> <span class='ocrx_word' id='word_1_127' title='bbox 1609 1451 1862 1504; x_wconf 87' lang='lat' dir='ltr'>refutavit</span> <span class='ocrx_word' id='word_1_128' title='bbox 1881 1452 2394 1520; x_wconf 80' lang='lat' dir='ltr'>commentariosque</span> 
     </span>
     <span class='ocr_line' id='line_1_15' title="bbox 243 1534 2396 1607; baseline -0.001 -17"><span class='ocrx_word' id='word_1_129' title='bbox 243 1539 419 1607; x_wconf 89' lang='lat' dir='ltr'>potius</span> <span class='ocrx_word' id='word_1_130' title='bbox 481 1555 636 1606; x_wconf 90' lang='lat' dir='ltr'>quam</span> <span class='ocrx_word' id='word_1_131' title='bbox 693 1537 977 1606; x_wconf 90' lang='lat' dir='ltr'>epitomam</span> <span class='ocrx_word' id='word_1_132' title='bbox 1038 1534 1318 1587; x_wconf 89' lang='lat' dir='ltr'>enchiridii</span> <span class='ocrx_word' id='word_1_133' title='bbox 1373 1534 1594 1588; x_wconf 86' lang='lat' dir='ltr'>Thracis</span> <span class='ocrx_word' id='word_1_134' title='bbox 1650 1536 1945 1604; x_wconf 89' lang='lat' dir='ltr'>nuncupari</span> <span class='ocrx_word' id='word_1_135' title='bbox 1997 1553 2152 1604; x_wconf 89' lang='lat' dir='ltr'>posse</span> <span class='ocrx_word' id='word_1_136' title='bbox 2203 1535 2396 1588; x_wconf 92' lang='lat' dir='ltr'>librum</span> 
     </span>
     <span class='ocr_line' id='line_1_16' title="bbox 180 1619 2397 1690; baseline 0 -18"><span class='ocrx_word' id='word_1_137' title='bbox 180 1641 220 1672; x_wconf 89' lang='lat'>15</span> <span class='ocrx_word' id='word_1_138' title='bbox 243 1622 395 1678; x_wconf 85' lang='lat' dir='ltr'>dixit.</span> <span class='ocrx_word' id='word_1_139' title='bbox 468 1640 650 1674; x_wconf 91' lang='lat' dir='ltr'>verum</span> <span class='ocrx_word' id='word_1_140' title='bbox 696 1639 764 1674; x_wconf 88' lang='lat' dir='ltr'>ne</span> <span class='ocrx_word' id='word_1_141' title='bbox 803 1621 876 1673; x_wconf 87' lang='lat' dir='ltr'>sic</span> <span class='ocrx_word' id='word_1_142' title='bbox 916 1620 1127 1690; x_wconf 91' lang='lat' dir='ltr'>quidem</span> <span class='ocrx_word' id='word_1_143' title='bbox 1167 1620 1711 1689; x_wconf 84' lang='lat' dir='ltr'>egoappellaverim,</span> <span class='ocrx_word' id='word_1_144' title='bbox 1759 1620 1849 1672; x_wconf 90' lang='lat' dir='ltr'>sed</span> <span class='ocrx_word' id='word_1_145' title='bbox 1890 1620 1962 1687; x_wconf 86' lang='lat' dir='ltr'>(si</span> <span class='ocrx_word' id='word_1_146' title='bbox 2000 1619 2155 1673; x_wconf 89' lang='lat' dir='ltr'>modo</span> <span class='ocrx_word' id='word_1_147' title='bbox 2194 1620 2258 1673; x_wconf 91' lang='lat' dir='ltr'>de</span> <span class='ocrx_word' id='word_1_148' title='bbox 2297 1621 2397 1674; x_wconf 89' lang='lat' dir='ltr'>hac</span> 
     </span>
     <span class='ocr_line' id='line_1_17' title="bbox 239 1704 2397 1774; baseline -0.001 -15"><span class='ocrx_word' id='word_1_149' title='bbox 239 1725 295 1759; x_wconf 90' lang='lat' dir='ltr'>re</span> <span class='ocrx_word' id='word_1_150' title='bbox 330 1707 560 1759; x_wconf 86' lang='lat' dir='ltr'>iudicare</span> <span class='ocrx_word' id='word_1_151' title='bbox 599 1705 731 1757; x_wconf 92' lang='lat' dir='ltr'>mihi</span> <span class='ocrx_word' id='word_1_152' title='bbox 765 1705 890 1758; x_wconf 89' lang='lat' dir='ltr'>licet</span> <span class='ocrx_word' id='word_1_153' title='bbox 926 1724 989 1757; x_wconf 90' lang='lat' dir='ltr'>ex</span> <span class='ocrx_word' id='word_1_154' title='bbox 1025 1705 1198 1773; x_wconf 89' lang='lat' dir='ltr'>priore</span> <span class='ocrx_word' id='word_1_155' title='bbox 1227 1705 1489 1772; x_wconf 87' lang='lat' dir='ltr'>epitomae</span> <span class='ocrx_word' id='word_1_156' title='bbox 1515 1706 1668 1772; x_wconf 90' lang='lat' dir='ltr'>parte</span> <span class='ocrx_word' id='word_1_157' title='bbox 1695 1704 1872 1774; x_wconf 89' lang='lat' dir='ltr'>eisque</span> <span class='ocrx_word' id='word_1_158' title='bbox 1900 1704 2202 1773; x_wconf 86' lang='lat' dir='ltr'>posterioris</span> <span class='ocrx_word' id='word_1_159' title='bbox 2230 1706 2397 1773; x_wconf 87' lang='lat' dir='ltr'>partis</span> 
     </span>
     <span class='ocr_line' id='line_1_18' title="bbox 240 1787 2397 1860; baseline -0.001 -16"><span class='ocrx_word' id='word_1_160' title='bbox 240 1791 372 1844; x_wconf 88' lang='lat' dir='ltr'>locis</span> <span class='ocrx_word' id='word_1_161' title='bbox 422 1809 554 1860; x_wconf 89' lang='lat' dir='ltr'>quos</span> <span class='ocrx_word' id='word_1_162' title='bbox 593 1789 908 1860; x_wconf 87' lang='lat' dir='ltr'>Egenolffus</span> <span class='ocrx_word' id='word_1_163' title='bbox 957 1788 1328 1842; x_wconf 84' lang='lat' dir='ltr'>liberalissime</span> <span class='ocrx_word' id='word_1_164' title='bbox 1368 1787 1500 1840; x_wconf 89' lang='lat' dir='ltr'>mihi</span> <span class='ocrx_word' id='word_1_165' title='bbox 1539 1789 1840 1860; x_wconf 83' lang='lat' dir='ltr'>exscripsit)</span> <span class='ocrx_word' id='word_1_166' title='bbox 1875 1789 2195 1841; x_wconf 90' lang='lat' dir='ltr'>nominarim</span> <span class='ocrx_word' id='word_1_167' title='bbox 2232 1793 2397 1842; x_wconf 88' lang='lat' dir='ltr'>artem</span> 
     </span>
     <span class='ocr_line' id='line_1_19' title="bbox 239 1873 2393 1944; baseline 0 -17"><span class='ocrx_word' id='word_1_168' title='bbox 239 1875 625 1944; x_wconf 85' lang='lat' dir='ltr'>Dionysianam</span> <span class='ocrx_word' id='word_1_169' title='bbox 681 1893 745 1926; x_wconf 86' lang='lat' dir='ltr'>ex</span> <span class='ocrx_word' id='word_1_170' title='bbox 796 1873 1034 1926; x_wconf 89' lang='lat' dir='ltr'>doctrina</span> <span class='ocrx_word' id='word_1_171' title='bbox 1082 1874 1550 1943; x_wconf 85' lang='lat' dir='ltr'>grammaticorum</span> <span class='ocrx_word' id='word_1_172' title='bbox 1597 1873 1954 1942; x_wconf 85' lang='lat' dir='ltr'>posteriorum</span> <span class='ocrx_word' id='word_1_173' title='bbox 2003 1876 2292 1927; x_wconf 88' lang='lat' dir='ltr'>correctam</span> <span class='ocrx_word' id='word_1_174' title='bbox 2341 1877 2393 1927; x_wconf 89' lang='lat' dir='ltr'>et</span> 
     </span>
     <span class='ocr_line' id='line_1_20' title="bbox 237 1958 2391 2030; baseline 0 -18"><span class='ocrx_word' id='word_1_175' title='bbox 237 1959 618 2030; x_wconf 70' lang='lat' dir='ltr'>suppletam*).</span> <span class='ocrx_word' id='word_1_176' title='bbox 696 1958 758 2011; x_wconf 89' lang='lat' dir='ltr'>de</span> <span class='ocrx_word' id='word_1_177' title='bbox 807 1961 1019 2011; x_wconf 88' lang='lat' dir='ltr'>auctore</span> <span class='ocrx_word' id='word_1_178' title='bbox 1068 1961 1244 2011; x_wconf 90' lang='lat' dir='ltr'>autem</span> <span class='ocrx_word' id='word_1_179' title='bbox 1295 1959 1419 2010; x_wconf 92' lang='lat' dir='ltr'>novi</span> <span class='ocrx_word' id='word_1_180' title='bbox 1469 1958 1767 2027; x_wconf 89' lang='lat' dir='ltr'>compendii</span> <span class='ocrx_word' id='word_1_181' title='bbox 1806 1958 2061 2010; x_wconf 90' lang='lat' dir='ltr'>iudicium</span> <span class='ocrx_word' id='word_1_182' title='bbox 2099 1977 2207 2011; x_wconf 91' lang='lat' dir='ltr'>non</span> <span class='ocrx_word' id='word_1_183' title='bbox 2246 1958 2391 2028; x_wconf 87' lang='lat' dir='ltr'>prius</span> 
     </span>
     <span class='ocr_line' id='line_1_21' title="bbox 174 2042 2396 2114; baseline 0 -19"><span class='ocrx_word' id='word_1_184' title='bbox 174 2064 217 2096; x_wconf 78' lang='lat'>20</span> <span class='ocrx_word' id='word_1_185' title='bbox 237 2045 494 2098; x_wconf 86' lang='lat' dir='ltr'>faciemus</span> <span class='ocrx_word' id='word_1_186' title='bbox 532 2062 694 2113; x_wconf 89' lang='lat' dir='ltr'>quam</span> <span class='ocrx_word' id='word_1_187' title='bbox 730 2044 1001 2114; x_wconf 85' lang='lat' dir='ltr'>integrum</span> <span class='ocrx_word' id='word_1_188' title='bbox 1039 2042 1276 2095; x_wconf 88' lang='lat' dir='ltr'>libellum</span> <span class='ocrx_word' id='word_1_189' title='bbox 1302 2043 1703 2113; x_wconf 86' lang='lat' dir='ltr'>cognoverimus</span> <span class='ocrx_word' id='word_1_190' title='bbox 1730 2045 1887 2112; x_wconf 89' lang='lat' dir='ltr'>atque</span> <span class='ocrx_word' id='word_1_191' title='bbox 1913 2042 2223 2113; x_wconf 84' lang='lat' dir='ltr'>Egenolffus</span> <span class='ocrx_word' id='word_1_192' title='bbox 2249 2062 2396 2096; x_wconf 88' lang='lat' dir='ltr'>suam</span> 
     </span>
     <span class='ocr_line' id='line_1_22' title="bbox 237 2127 2397 2196; baseline -0 -14"><span class='ocrx_word' id='word_1_193' title='bbox 237 2130 423 2182; x_wconf 90' lang='lat' dir='ltr'>tulerit</span> <span class='ocrx_word' id='word_1_194' title='bbox 470 2129 806 2182; x_wconf 85' lang='lat' dir='ltr'>sententiam.</span> <span class='ocrx_word' id='word_1_195' title='bbox 883 2146 1026 2181; x_wconf 89' lang='lat' dir='ltr'>nunc</span> <span class='ocrx_word' id='word_1_196' title='bbox 1073 2127 1209 2179; x_wconf 90' lang='lat' dir='ltr'>nihil</span> <span class='ocrx_word' id='word_1_197' title='bbox 1259 2127 1395 2180; x_wconf 90' lang='lat' dir='ltr'>aliud</span> <span class='ocrx_word' id='word_1_198' title='bbox 1438 2146 1597 2196; x_wconf 90' lang='lat' dir='ltr'>quam</span> <span class='ocrx_word' id='word_1_199' title='bbox 1634 2127 1770 2180; x_wconf 90' lang='lat' dir='ltr'>itero</span> <span class='ocrx_word' id='word_1_200' title='bbox 1809 2146 2068 2180; x_wconf 88' lang='lat' dir='ltr'>summam</span> <span class='ocrx_word' id='word_1_201' title='bbox 2107 2146 2220 2181; x_wconf 86' lang='lat' dir='ltr'>esse</span> <span class='ocrx_word' id='word_1_202' title='bbox 2258 2129 2397 2181; x_wconf 90' lang='lat' dir='ltr'>inter</span> 
     </span>
     <span class='ocr_line' id='line_1_23' title="bbox 237 2211 2396 2281; baseline -0.001 -12"><span class='ocrx_word' id='word_1_203' title='bbox 237 2217 367 2270; x_wconf 86' lang='grc' dir='ltr'>νέαν</span> <span class='ocrx_word' id='word_1_204' title='bbox 419 2215 674 2280; x_wconf 82' lang='grc' dir='ltr'>ἐπιτομὴν</span> <span class='ocrx_word' id='word_1_205' title='bbox 723 2216 777 2265; x_wconf 90' lang='lat' dir='ltr'>et</span> <span class='ocrx_word' id='word_1_206' title='bbox 814 2216 1101 2266; x_wconf 90' lang='lat' dir='ltr'>erotemata</span> <span class='ocrx_word' id='word_1_207' title='bbox 1138 2212 1469 2281; x_wconf 87' lang='lat' dir='ltr'>Dionysiana</span> <span class='ocrx_word' id='word_1_208' title='bbox 1506 2214 1574 2264; x_wconf 88' lang='lat' dir='ltr'>ab</span> <span class='ocrx_word' id='word_1_209' title='bbox 1613 2211 1959 2281; x_wconf 88' lang='lat' dir='ltr'>Moschopulo</span> <span class='ocrx_word' id='word_1_210' title='bbox 1999 2215 2235 2266; x_wconf 89' lang='lat' dir='ltr'>correcta</span> <span class='ocrx_word' id='word_1_211' title='bbox 2273 2231 2396 2266; x_wconf 89' lang='lat' dir='ltr'>con-</span> 
     </span>
     <span class='ocr_line' id='line_1_24' title="bbox 239 2317 553 2352; baseline -0.006 0"><span class='ocrx_word' id='word_1_212' title='bbox 239 2317 553 2352; x_wconf 83' lang='lat' dir='ltr'>senslonem.</span> 
     </span>
    </p>
   </div>
   <div class='ocr_carea' id='block_1_5' title="bbox 378 2466 2395 2538">
    <p class='ocr_par' dir='ltr' id='par_1_5' title="bbox 378 2466 2395 2538">
     <span class='ocr_line' id='line_1_25' title="bbox 378 2466 2395 2538; baseline 0.002 -18"><span class='ocrx_word' id='word_1_213' title='bbox 378 2468 460 2521; x_wconf 90' lang='lat' dir='ltr'>De</span> <span class='ocrx_word' id='word_1_214' title='bbox 498 2469 573 2520; x_wconf 90' lang='lat' dir='ltr'>eis</span> <span class='ocrx_word' id='word_1_215' title='bbox 611 2467 762 2520; x_wconf 89' lang='lat' dir='ltr'>libris</span> <span class='ocrx_word' id='word_1_216' title='bbox 799 2466 890 2519; x_wconf 91' lang='lat' dir='ltr'>ubi</span> <span class='ocrx_word' id='word_1_217' title='bbox 929 2470 1140 2520; x_wconf 91' lang='lat' dir='ltr'>artem</span> <span class='ocrx_word' id='word_1_218' title='bbox 1179 2467 1665 2536; x_wconf 84' lang='lat' dir='ltr'>Dionysianam</span> <span class='ocrx_word' id='word_1_219' title='bbox 1702 2466 1768 2518; x_wconf 90' lang='lat' dir='ltr'>in</span> <span class='ocrx_word' id='word_1_220' title='bbox 1805 2467 2395 2538; x_wconf 87' lang='lat' dir='ltr'>interrogationes</span> 
     </span>
    </p>
   </div>
   <div class='ocr_carea' id='block_1_6' title="bbox 173 2551 2483 2622">
    <p class='ocr_par' dir='ltr' id='par_1_6' title="bbox 173 2551 2483 2622">
     <span class='ocr_line' id='line_1_26' title="bbox 173 2551 2483 2622; baseline 0.001 -18"><span class='ocrx_word' id='word_1_221' title='bbox 173 2557 301 2606; x_wconf 83' lang='lat' dir='ltr'>25et</span> <span class='ocrx_word' id='word_1_222' title='bbox 371 2553 853 2622; x_wconf 88' lang='lat' dir='ltr'>responsiones</span> <span class='ocrx_word' id='word_1_223' title='bbox 925 2551 1268 2604; x_wconf 90' lang='lat' dir='ltr'>redactam</span> <span class='ocrx_word' id='word_1_224' title='bbox 1340 2551 1639 2604; x_wconf 86' lang='lat' dir='ltr'>invenimus</span> <span class='ocrx_word' id='word_1_225' title='bbox 1713 2551 1979 2620; x_wconf 88' lang='lat' dir='ltr'>disputavi</span> <span class='ocrx_word' id='word_1_226' title='bbox 2041 2553 2268 2622; x_wconf 87' lang='lat' dir='ltr'>epistula</span> <span class='ocrx_word' id='word_1_227' title='bbox 2330 2555 2397 2607; x_wconf 90' lang='lat' dir='ltr'>ad</span> <span class='ocrx_word' id='word_1_228' title='bbox 2481 2582 2483 2584; x_wconf 91' lang='lat'>·</span> 
     </span>
    </p>
   </div>
   <div class='ocr_carea' id='block_1_7' title="bbox 170 2636 2455 3132">
    <p class='ocr_par' dir='ltr' id='par_1_7' title="bbox 234 2636 2455 2960">
     <span class='ocr_line' id='line_1_27' title="bbox 236 2636 2455 2707; baseline 0.001 -16"><span class='ocrx_word' id='word_1_229' title='bbox 236 2638 534 2692; x_wconf 85' lang='lat' dir='ltr'>Vsenerum</span> <span class='ocrx_word' id='word_1_230' title='bbox 574 2637 697 2689; x_wconf 88' lang='lat' dir='ltr'>data</span> <span class='ocrx_word' id='word_1_231' title='bbox 710 2637 811 2707; x_wconf 75' lang='lat'>**)‚</span> <span class='ocrx_word' id='word_1_232' title='bbox 851 2655 956 2706; x_wconf 88' lang='lat' dir='ltr'>qua</span> <span class='ocrx_word' id='word_1_233' title='bbox 995 2637 1358 2689; x_wconf 88' lang='lat' dir='ltr'>demonstrare</span> <span class='ocrx_word' id='word_1_234' title='bbox 1384 2636 1563 2688; x_wconf 87' lang='lat' dir='ltr'>studui</span> <span class='ocrx_word' id='word_1_235' title='bbox 1588 2636 1758 2689; x_wconf 88' lang='lat' dir='ltr'>hance</span> <span class='ocrx_word' id='word_1_236' title='bbox 1785 2636 2043 2689; x_wconf 88' lang='lat' dir='ltr'>rationem</span> <span class='ocrx_word' id='word_1_237' title='bbox 2071 2637 2396 2693; x_wconf 87' lang='lat' dir='ltr'>intercedere</span> <span class='ocrx_word' id='word_1_238' title='bbox 2452 2682 2455 2684; x_wconf 84' lang='grc'>-</span> 
     </span>
     <span class='ocr_line' id='line_1_28' title="bbox 234 2721 2397 2790; baseline 0.001 -15"><span class='ocrx_word' id='word_1_239' title='bbox 234 2725 376 2776; x_wconf 89' lang='lat' dir='ltr'>inter</span> <span class='ocrx_word' id='word_1_240' title='bbox 457 2724 749 2775; x_wconf 89' lang='lat' dir='ltr'>erotemata</span> <span class='ocrx_word' id='word_1_241' title='bbox 833 2721 1195 2774; x_wconf 87' lang='lat' dir='ltr'>vetustissima</span> <span class='ocrx_word' id='word_1_242' title='bbox 1270 2721 1317 2774; x_wconf 84' lang='lat' dir='ltr'>G</span> <span class='ocrx_word' id='word_1_243' title='bbox 1328 2740 1363 2773; x_wconf 94' lang='lat' dir='ltr'>u</span> <span class='ocrx_word' id='word_1_244' title='bbox 1379 2739 1406 2773; x_wconf 88' lang='lat' dir='ltr'>e</span> <span class='ocrx_word' id='word_1_245' title='bbox 1421 2721 1477 2772; x_wconf 88' lang='lat' dir='ltr'>lf</span> <span class='ocrx_word' id='word_1_246' title='bbox 1486 2739 1514 2773; x_wconf 91' lang='lat' dir='ltr'>e</span> <span class='ocrx_word' id='word_1_247' title='bbox 1528 2739 1555 2772; x_wconf 90' lang='lat' dir='ltr'>r</span> <span class='ocrx_word' id='word_1_248' title='bbox 1567 2722 1601 2774; x_wconf 92' lang='lat' dir='ltr'><strong>b</strong></span> <span class='ocrx_word' id='word_1_249' title='bbox 1612 2741 1647 2790; x_wconf 85' lang='lat' dir='ltr'><strong>y</strong></span> <span class='ocrx_word' id='word_1_250' title='bbox 1657 2724 1681 2773; x_wconf 93' lang='lat' dir='ltr'>t</span> <span class='ocrx_word' id='word_1_251' title='bbox 1692 2739 1723 2774; x_wconf 87' lang='lat' dir='ltr'>a</span> <span class='ocrx_word' id='word_1_252' title='bbox 1736 2740 1771 2773; x_wconf 88' lang='lat' dir='ltr'>n</span> <span class='ocrx_word' id='word_1_253' title='bbox 1785 2740 1816 2774; x_wconf 90' lang='lat' dir='ltr'>a</span> <span class='ocrx_word' id='word_1_254' title='bbox 1898 2724 1951 2775; x_wconf 89' lang='lat' dir='ltr'>et</span> <span class='ocrx_word' id='word_1_255' title='bbox 2029 2724 2397 2778; x_wconf 84' lang='lat' dir='ltr'>recentissima</span> 
     </span>
     <span class='ocr_line' id='line_1_29' title="bbox 235 2805 2394 2878; baseline 0.001 -18"><span class='ocrx_word' id='word_1_256' title='bbox 235 2807 692 2878; x_wconf 86' lang='lat' dir='ltr'>Tubingensia</span> <span class='ocrx_word' id='word_1_257' title='bbox 718 2810 771 2859; x_wconf 91' lang='lat' dir='ltr'>et</span> <span class='ocrx_word' id='word_1_258' title='bbox 798 2806 1177 2859; x_wconf 85' lang='lat' dir='ltr'>catechismum</span> <span class='ocrx_word' id='word_1_259' title='bbox 1195 2807 1264 2868; x_wconf 17' lang='lat' dir='ltr'>ab*</span> <span class='ocrx_word' id='word_1_260' title='bbox 1286 2805 1593 2859; x_wconf 88' lang='lat' dir='ltr'>Manuele</span> <span class='ocrx_word' id='word_1_261' title='bbox 1620 2805 2061 2876; x_wconf 87' lang='lat' dir='ltr'>Moschopulo</span> <span class='ocrx_word' id='word_1_262' title='bbox 2089 2807 2394 2862; x_wconf 87' lang='lat' dir='ltr'>Cretensi</span> 
     </span>
     <span class='ocr_line' id='line_1_30' title="bbox 235 2890 2393 2960; baseline 0 -15"><span class='ocrx_word' id='word_1_263' title='bbox 235 2894 387 2960; x_wconf 85' lang='lat' dir='ltr'>(ante</span> <span class='ocrx_word' id='word_1_264' title='bbox 436 2892 669 2945; x_wconf 91' lang='lat' dir='ltr'>medium</span> <span class='ocrx_word' id='word_1_265' title='bbox 719 2892 986 2944; x_wconf 88' lang='lat' dir='ltr'>saeculum</span> <span class='ocrx_word' id='word_1_266' title='bbox 1024 2890 1176 2958; x_wconf 87' lang='lat' dir='ltr'>XIV)</span> <span class='ocrx_word' id='word_1_267' title='bbox 1227 2894 1523 2944; x_wconf 88' lang='lat' dir='ltr'>correctum</span> <span class='ocrx_word' id='word_1_268' title='bbox 1573 2893 1627 2943; x_wconf 90' lang='lat' dir='ltr'>et</span> <span class='ocrx_word' id='word_1_269' title='bbox 1674 2909 1793 2943; x_wconf 91' lang='lat' dir='ltr'>eum</span> <span class='ocrx_word' id='word_1_270' title='bbox 1843 2892 1933 2960; x_wconf 90' lang='lat' dir='ltr'>qui</span> <span class='ocrx_word' id='word_1_271' title='bbox 1970 2893 2027 2944; x_wconf 90' lang='lat' dir='ltr'>in</span> <span class='ocrx_word' id='word_1_272' title='bbox 2064 2892 2116 2945; x_wconf 92' lang='lat' dir='ltr'>N</span> <span class='ocrx_word' id='word_1_273' title='bbox 2129 2893 2174 2944; x_wconf 93' lang='lat' dir='ltr'>il</span> <span class='ocrx_word' id='word_1_274' title='bbox 2188 2894 2206 2945; x_wconf 94' lang='lat' dir='ltr'>i</span> <span class='ocrx_word' id='word_1_275' title='bbox 2245 2893 2286 2947; x_wconf 83' lang='lat' dir='ltr'>G</span> <span class='ocrx_word' id='word_1_276' title='bbox 2300 2896 2334 2946; x_wconf 89' lang='lat' dir='ltr'><strong>h</strong></span> <span class='ocrx_word' id='word_1_277' title='bbox 2346 2895 2393 2946; x_wconf 92' lang='lat' dir='ltr'>ii</span> 
     </span>
    </p>

    <p class='ocr_par' dir='ltr' id='par_1_8' title="bbox 170 2975 2393 3132">
     <span class='ocr_line' id='line_1_31' title="bbox 170 2975 2393 3048; baseline 0 -18"><span class='ocrx_word' id='word_1_278' title='bbox 170 2997 213 3030; x_wconf 80' lang='lat'>30</span> <span class='ocrx_word' id='word_1_279' title='bbox 237 2977 590 3048; x_wconf 89' lang='lat' dir='ltr'>(Rhodiorum</span> <span class='ocrx_word' id='word_1_280' title='bbox 629 2979 753 3046; x_wconf 88' lang='lat' dir='ltr'>post</span> <span class='ocrx_word' id='word_1_281' title='bbox 787 2976 924 3029; x_wconf 89' lang='lat' dir='ltr'>med.</span> <span class='ocrx_word' id='word_1_282' title='bbox 967 2994 1102 3029; x_wconf 90' lang='lat' dir='ltr'>saec.</span> <span class='ocrx_word' id='word_1_283' title='bbox 1129 2975 1259 3029; x_wconf 93' lang='lat' dir='ltr'>XIV</span> <span class='ocrx_word' id='word_1_284' title='bbox 1285 2975 1678 3046; x_wconf 87' lang='lat' dir='ltr'>metropolitae)</span> <span class='ocrx_word' id='word_1_285' title='bbox 1716 2975 2006 3029; x_wconf 88' lang='lat' dir='ltr'>enchiridio</span> <span class='ocrx_word' id='word_1_286' title='bbox 2045 2979 2393 3045; x_wconf 88' lang='lat' dir='ltr'>grammatico</span> 
     </span>
     <span class='ocr_line' id='line_1_32' title="bbox 239 3061 981 3132; baseline -0.001 -18"><span class='ocrx_word' id='word_1_287' title='bbox 239 3061 506 3115; x_wconf 88' lang='lat' dir='ltr'>rhetorico</span> <span class='ocrx_word' id='word_1_288' title='bbox 542 3062 719 3132; x_wconf 86' lang='lat' dir='ltr'>logico</span> <span class='ocrx_word' id='word_1_289' title='bbox 757 3061 981 3132; x_wconf 86' lang='lat' dir='ltr'>legitur:</span> 
     </span>
    </p>
   </div>
   <div class='ocr_carea' id='block_1_8' title="bbox 171 3202 1725 3706">
    <p class='ocr_par' dir='ltr' id='par_1_9' title="bbox 171 3202 1725 3706">
     <span class='ocr_line' id='line_1_33' title="bbox 741 3202 1033 3259; baseline 0.003 -12"><span class='ocrx_word' id='word_1_290' title='bbox 741 3202 893 3247; x_wconf 85' lang='lat' dir='ltr'>Guelf.</span> <span class='ocrx_word' id='word_1_291' title='bbox 925 3202 1033 3259; x_wconf 70' lang='lat' dir='ltr'>(E‘)</span> 
     </span>
     <span class='ocr_line' id='line_1_34' title="bbox 879 3285 1574 3565; baseline 0.003 -180"><span class='ocrx_word' id='word_1_292' title='bbox 879 3285 1430 3565; x_wconf 35' lang='lat' dir='ltr'>wem·</span> <span class='ocrx_word' id='word_1_293' title='bbox 1462 3342 1574 3398; x_wconf 64' lang='lat'>(131³)</span> 
     </span>
     <span class='ocr_line' id='line_1_35' title="bbox 903 3433 1462 3675; baseline 0 -48"><span class='ocrx_word' id='word_1_294' title='bbox 903 3581 996 3627; x_wconf 87' lang='lat' dir='ltr'>Nil.</span> <span class='ocrx_word' id='word_1_295' title='bbox 1026 3583 1129 3638; x_wconf 75' lang='lat' dir='ltr'>(Ev)</span> <span class='ocrx_word' id='word_1_296' title='bbox 1303 3433 1462 3675; x_wconf 30' lang='lat' dir='ltr'>N</span> 
     </span>
     <span class='ocr_line' id='line_1_36' title="bbox 171 3650 1725 3706; baseline 0.003 -15"><span class='ocrx_word' id='word_1_297' title='bbox 171 3659 212 3692; x_wconf 83' lang='lat'>35</span> <span class='ocrx_word' id='word_1_298' title='bbox 1476 3650 1592 3699; x_wconf 89' lang='lat' dir='ltr'>Tub.</span> <span class='ocrx_word' id='word_1_299' title='bbox 1624 3651 1725 3706; x_wconf 63' lang='lat' dir='ltr'>(Et)</span> 
     </span>
    </p>
   </div>
   <div class='ocr_carea' id='block_1_9' title="bbox 233 3739 586 3744">
    <p class='ocr_par' dir='ltr' id='par_1_10' title="bbox 233 3739 586 3744">
     <span class='ocr_line' id='line_1_37' title="bbox 233 3739 586 3744; baseline 0 0"><span class='ocrx_word' id='word_1_300' title='bbox 233 3739 586 3744; x_wconf 95' lang='lat' dir='ltr'> </span> 
     </span>
    </p>
   </div>
   <div class='ocr_carea' id='block_1_10' title="bbox 175 3791 2390 4132">
    <p class='ocr_par' dir='ltr' id='par_1_11' title="bbox 377 3791 2389 3850">
     <span class='ocr_line' id='line_1_38' title="bbox 377 3791 2389 3850; baseline 0.002 -16"><span class='ocrx_word' id='word_1_301' title='bbox 377 3794 417 3847; x_wconf 78' lang='lat'>²⁸¹)</span> <span class='ocrx_word' id='word_1_302' title='bbox 449 3791 776 3848; x_wconf 87' lang='lat' dir='ltr'>supplementa</span> <span class='ocrx_word' id='word_1_303' title='bbox 812 3795 986 3849; x_wconf 86' lang='lat' dir='ltr'>partim</span> <span class='ocrx_word' id='word_1_304' title='bbox 1016 3793 1207 3849; x_wconf 89' lang='lat' dir='ltr'>quidem</span> <span class='ocrx_word' id='word_1_305' title='bbox 1239 3807 1295 3837; x_wconf 84' lang='lat' dir='ltr'>ex</span> <span class='ocrx_word' id='word_1_306' title='bbox 1327 3793 1441 3837; x_wconf 84' lang='lat' dir='ltr'>artis</span> <span class='ocrx_word' id='word_1_307' title='bbox 1471 3793 1616 3849; x_wconf 84' lang='lat' dir='ltr'>ipsius</span> <span class='ocrx_word' id='word_1_308' title='bbox 1647 3794 1904 3850; x_wconf 86' lang='lat' dir='ltr'>exemplari</span> <span class='ocrx_word' id='word_1_309' title='bbox 1933 3794 2084 3850; x_wconf 87' lang='lat' dir='ltr'>petita</span> <span class='ocrx_word' id='word_1_310' title='bbox 2123 3806 2222 3837; x_wconf 79' lang='lat' dir='ltr'>esse</span> <span class='ocrx_word' id='word_1_311' title='bbox 2252 3794 2389 3849; x_wconf 85' lang='lat' dir='ltr'>patet</span> 
     </span>
    </p>

    <p class='ocr_par' dir='ltr' id='par_1_12' title="bbox 236 3862 2390 3994">
     <span class='ocr_line' id='line_1_39' title="bbox 236 3862 2390 3920; baseline 0 -14"><span class='ocrx_word' id='word_1_312' title='bbox 236 3862 432 3907; x_wconf 74' lang='lat' dir='ltr'>conlatis</span> <span class='ocrx_word' id='word_1_313' title='bbox 471 3863 705 3918; x_wconf 87' lang='lat' dir='ltr'>epitomae</span> <span class='ocrx_word' id='word_1_314' title='bbox 742 3877 772 3919; x_wconf 95' lang='lat' dir='ltr'>p</span> <span class='ocrx_word' id='word_1_315' title='bbox 804 3868 933 3920; x_wconf 74' lang='grc'>1--39</span> <span class='ocrx_word' id='word_1_316' title='bbox 963 3869 1147 3920; x_wconf 67' lang='lat'>310-425</span> <span class='ocrx_word' id='word_1_317' title='bbox 1186 3877 1289 3907; x_wconf 91' lang='lat' dir='ltr'>cum</span> <span class='ocrx_word' id='word_1_318' title='bbox 1326 3862 1563 3907; x_wconf 81' lang='lat' dir='ltr'>Leidensis</span> <span class='ocrx_word' id='word_1_319' title='bbox 1593 3864 1764 3909; x_wconf 86' lang='lat' dir='ltr'>codicis</span> <span class='ocrx_word' id='word_1_320' title='bbox 1801 3879 1832 3920; x_wconf 94' lang='lat' dir='ltr'>p</span> <span class='ocrx_word' id='word_1_321' title='bbox 1863 3869 2028 3908; x_wconf 82' lang='lat'>12—14</span> <span class='ocrx_word' id='word_1_322' title='bbox 2063 3868 2224 3908; x_wconf 84' lang='lat'>15—16</span> <span class='ocrx_word' id='word_1_323' title='bbox 2265 3863 2390 3918; x_wconf 88' lang='lat' dir='ltr'>(vide</span> 
     </span>
     <span class='ocr_line' id='line_1_40' title="bbox 237 3932 871 3994; baseline 0.005 -18"><span class='ocrx_word' id='word_1_324' title='bbox 237 3946 380 3989; x_wconf 85' lang='lat' dir='ltr'>supra</span> <span class='ocrx_word' id='word_1_325' title='bbox 409 3947 440 3989; x_wconf 92' lang='lat' dir='ltr'>p</span> <span class='ocrx_word' id='word_1_326' title='bbox 460 3932 615 3994; x_wconf 87' lang='lat' dir='ltr'>XXIII</span> <span class='ocrx_word' id='word_1_327' title='bbox 639 3937 689 3975; x_wconf 91' lang='grc'><strong>16</strong></span> <span class='ocrx_word' id='word_1_328' title='bbox 712 3935 760 3976; x_wconf 90' lang='lat' dir='ltr'>et</span> <span class='ocrx_word' id='word_1_329' title='bbox 780 3935 871 3989; x_wconf 82' lang='lat'>28).</span> 
     </span>
    </p>

    <p class='ocr_par' dir='ltr' id='par_1_13' title="bbox 349 4002 2390 4062">
     <span class='ocr_line' id='line_1_41' title="bbox 349 4002 2390 4062; baseline 0.002 -17"><span class='ocrx_word' id='word_1_330' title='bbox 349 4004 414 4059; x_wconf 78' lang='grc'>**)</span> <span class='ocrx_word' id='word_1_331' title='bbox 454 4003 502 4045; x_wconf 92' lang='lat' dir='ltr'>in</span> <span class='ocrx_word' id='word_1_332' title='bbox 533 4002 695 4047; x_wconf 89' lang='lat' dir='ltr'>libello</span> <span class='ocrx_word' id='word_1_333' title='bbox 735 4003 1012 4048; x_wconf 84' lang='lat' dir='ltr'>scholastico</span> <span class='ocrx_word' id='word_1_334' title='bbox 1045 4003 1286 4061; x_wconf 78' lang='lat' dir='ltr'>Gymnasii</span> <span class='ocrx_word' id='word_1_335' title='bbox 1316 4003 1726 4062; x_wconf 85' lang='lat' dir='ltr'>Heidelbergensis</span> <span class='ocrx_word' id='word_1_336' title='bbox 1758 4004 1868 4048; x_wconf 89' lang='lat' dir='ltr'>anni</span> <span class='ocrx_word' id='word_1_337' title='bbox 1901 4008 2029 4057; x_wconf 88' lang='lat'>1881,</span> <span class='ocrx_word' id='word_1_338' title='bbox 2070 4004 2150 4058; x_wconf 91' lang='lat' dir='ltr'>qui</span> <span class='ocrx_word' id='word_1_339' title='bbox 2179 4003 2227 4047; x_wconf 90' lang='lat' dir='ltr'>in</span> <span class='ocrx_word' id='word_1_340' title='bbox 2266 4004 2390 4049; x_wconf 88' lang='lat' dir='ltr'>aedi-</span> 
     </span>
    </p>

    <p class='ocr_par' dir='ltr' id='par_1_14' title="bbox 175 4072 2390 4132">
     <span class='ocr_line' id='line_1_42' title="bbox 175 4072 2390 4132; baseline 0.002 -17"><span class='ocrx_word' id='word_1_341' title='bbox 175 4087 217 4120; x_wconf 86' lang='lat'>40</span> <span class='ocrx_word' id='word_1_342' title='bbox 239 4072 325 4115; x_wconf 88' lang='lat' dir='ltr'>bus</span> <span class='ocrx_word' id='word_1_343' title='bbox 343 4072 654 4117; x_wconf 87' lang='lat' dir='ltr'>BGTeubneri</span> <span class='ocrx_word' id='word_1_344' title='bbox 671 4073 852 4129; x_wconf 84' lang='lat' dir='ltr'>prostat</span> <span class='ocrx_word' id='word_1_345' title='bbox 868 4073 932 4117; x_wconf 84' lang='lat' dir='ltr'>sic</span> <span class='ocrx_word' id='word_1_346' title='bbox 946 4074 1217 4130; x_wconf 86' lang='lat' dir='ltr'>inscriptus:</span> <span class='ocrx_word' id='word_1_347' title='bbox 1238 4074 1493 4129; x_wconf 77' lang='lat' dir='ltr'>Appendiae</span> <span class='ocrx_word' id='word_1_348' title='bbox 1512 4076 1630 4119; x_wconf 78' lang='lat' dir='ltr'>artis</span> <span class='ocrx_word' id='word_1_349' title='bbox 1645 4075 1870 4132; x_wconf 80' lang='lat' dir='ltr'>Dionysii</span> <span class='ocrx_word' id='word_1_350' title='bbox 1898 4074 2084 4119; x_wconf 80' lang='lat' dir='ltr'>Thracis</span> <span class='ocrx_word' id='word_1_351' title='bbox 2102 4074 2159 4119; x_wconf 83' lang='lat' dir='ltr'>ab</span> <span class='ocrx_word' id='word_1_352' title='bbox 2177 4074 2232 4118; x_wconf 76' lang='lat' dir='ltr'>G.</span> <span class='ocrx_word' id='word_1_353' title='bbox 2251 4073 2302 4122; x_wconf 82' lang='lat' dir='ltr'>V.</span> <span class='ocrx_word' id='word_1_354' title='bbox 2323 4088 2390 4119; x_wconf 82' lang='lat' dir='ltr'>re—</span> 
     </span>
    </p>
   </div>
  </div>
 </body>
</html>
