2808 4394
2088 155 2112 181 Q

404 225 438 269 o
1068 182 1361 264 ADDENDA
1395 219 1471 262 ET
1502 187 1899 265 coRmGENDA

544 354 609 405 ad
663 352 773 405 126
815 351 919 418 III
958 350 1010 403 1.
1097 349 1323 402 aoristus
1381 349 1580 417 passivi
1629 347 1769 417 apud
1818 344 1856 402 S
1907 348 2029 416 post
2076 329 2318 400 futurum
2363 347 2562 416 passivi
2646 410 2652 414 .

403 438 612 509 generis
651 440 704 489 et
741 436 997 489 aoristum
1036 434 1199 487 activi
1235 434 1522 486 invenitur.

542 593 607 645 ad
649 591 756 645 127
784 592 818 644 Ι
847 591 1048 644 1—10.
1108 590 1352 643 futurum
1389 590 1659 657 passivum
1698 587 1839 657 apud
1879 585 1917 642 S
1958 587 2218 640 subicitur
2241 588 2481 656 perfecto
2509 591 2563 640 et

400 677 921 747 plusquamperfecto
968 675 1167 746 passivi
1215 675 1451 745 generiS‚
1502 674 1772 727 antecedit
1817 676 1996 726 autem
2043 673 2255 725 aoristis
2303 673 2562 736 et-activi

400 767 454 816 et
489 762 703 832 passivi.
2082 761 2090 772 ¹
2443 765 2452 782 “
2603 782 2627 816 5

543 919 610 971 ad
649 920 756 973 127
785 919 853 972 II
880 919 973 972 24.
1036 917 1178 986 apud
1206 914 1244 971 S
1271 920 1396 985 post
1420 915 1698 969 indicativi
1724 914 1865 968 modi
1890 914 2087 967 formas
2112 913 2244 975 haec
2268 917 2564 984 sequuntur

400 1006 463 1058 de
502 1004 802 1057 infinitivo:
839 1004 1148 1058 vocabulum
1183 1004 1326 1056 verbi
1366 1002 1471 1069 (vel
1508 1002 1688 1070 potius
1726 1019 1752 1055 e
1786 1001 1937 1055 verbo
1949 1041 1964 1069 ,
2003 999 2083 1052 cfr
2119 1014 2280 1068 supra
2317 999 2455 1052 Add.
2496 1001 2563 1053 ad

399 1092 485 1158 47,
499 1089 663 1162 3—4)
677 1107 784 1143 non
803 1090 1073 1158 siqnificat
1088 1104 1251 1156 neque
1266 1092 1499 1155 tempora
1511 1104 1675 1154 neque
1684 1103 1941 1155 personas
1959 1102 2123 1154 neque
2140 1102 2384 1138 numeros
2399 1102 2564 1152 neque

401 1178 656 1230 actionem
692 1193 856 1242 neque
883 1175 1215 1242 passionem,
1253 1174 1343 1226 sed
1376 1190 1491 1226 vere
1526 1174 1601 1225 sic
1626 1172 1936 1240 appellatur.
1987 1173 2283 1240 sequuntur
2307 1170 2563 1223 infinitivi

401 1261 493 1329 qui
541 1261 725 1313 eadem
770 1260 952 1312 valent
999 1261 1159 1326 atque
1205 1259 1422 1312 τύπτειν
1469 1261 1645 1311 ποιεῖν
1693 1257 1922 1323 γράφειν
1973 1254 2077 1328 (cfr
2123 1274 2284 1324 supra
2322 1255 2457 1308 Add.
2497 1255 2563 1308 ad
2586 1276 2627 1310 ιο
2716 1262 2721 1288 ³

398 1344 882 1415 49‚1.51,2-3)
922 1345 1069 1398 ἰέναι.
1134 1343 1339 1395 Deinde
1378 1343 1577 1411 legitur
1613 1342 1934 1427 subscriptio
1963 1359 2099 1410 quae
2134 1340 2335 1394 indicat
2361 1340 2563 1394 exitum

398 1430 595 1483 habere
634 1429 915 1500 epistulam
954 1428 1439 1499 grammaticorum.

545 1645 722 1713 Atque
769 1644 900 1696 haec
949 1661 1156 1712 quoque
1196 1640 1455 1694 Addenda
1502 1640 1701 1693 exitum
1749 1639 1965 1692 tandem
2003 1638 2290 1708 aliquando
2330 1639 2581 1693 habeant

332 1800 334 1802 ¹
399 1748 571 1798 neque
624 1729 951 1782 subiciamus
999 1728 1366 1789 Subindenda,
1424 1744 1746 1795 quamquam
1795 1743 2095 1794 possumus.
2175 1742 2407 1794 namque
2454 1742 2564 1776 non

400 1815 550 1867 nulla
598 1815 656 1866 in
702 1815 949 1866 manibus
985 1833 1127 1867 nunc
1176 1815 1305 1865 sunt
1342 1830 1476 1880 quae
1513 1812 1570 1863 in
1609 1810 1746 1863 votis
1785 1810 1941 1872 nobis
1993 1812 2146 1862 erant
2181 1809 2565 1879 prolegomena
2586 1826 2627 1859 15

405 1899 867 1968 componentibUS,
907 1899 1055 1951 velut
1092 1898 1286 1952 codicis
1325 1896 1655 1950 Matritensis
1694 1895 1786 1964 qui
1823 1894 2027 1947 scholia
2063 1894 2395 1964 Dionysiana
2431 1912 2559 1947 con-

398 1986 542 2037 tinet
569 1983 921 2055 apographon
949 1986 1015 2037 ab
1043 1984 1396 2037 Gallandio
1425 1981 1832 2051 diligentissime
1873 1979 2179 2032 confectum
2206 1979 2370 2049 (unde
2394 1997 2588 2048 pauca·

401 2073 611 2123 tantum
651 2071 706 2122 in
736 2071 1010 2123 Addendis
1036 2069 1399 2139 protulimus).
1463 2085 1648 2120 verum
1685 2065 1875 2118 melius
1899 2066 2072 2118 visum
2098 2068 2192 2130 est,
2234 2083 2365 2135 quas
2390 2065 2563 2134 spicas

401 2176 465 2209 ex
502 2155 603 2209 hoc
643 2157 867 2226 aliisque
916 2155 1059 2226 agris
1108 2158 1274 2208 restat
1320 2158 1381 2226 ut
1427 2154 1693 2223 legamUS,
1744 2150 2033 2220 adiungere
2081 2151 2380 2204 recensioni
2432 2151 2562 2203 artis

401 2243 583 2311 alteri,
631 2243 725 2295 ubi
773 2260 950 2295 meum
995 2242 1096 2294 erit
1133 2239 1397 2309 lapidibus
1434 2236 1764 2308 lapillisque,
1809 2254 1942 2306 quos
1980 2235 2048 2288 ab
2087 2235 2351 2290 aetatibus
2387 2235 2562 2306 genti·
2585 2249 2628 2286 20

400 2330 605 2398 busque
651 2328 873 2381 diversis
922 2326 1276 2396 comportavi,
1329 2325 1391 2377 ad
1442 2321 1854 2377 construendam
1902 2339 2021 2374 eam
2065 2320 2285 2375 technes
2332 2321 2564 2390 speciem

399 2432 495 2482 pro
544 2414 748 2466 viribus
795 2413 901 2476 uti,
957 2430 1089 2480 quae
1138 2429 1299 2479 quam
1335 2410 1573 2478 proxime
1622 2407 1839 2460 accedat
1877 2407 1943 2458 ad
1988 2406 2215 2459 formam
2252 2405 2561 2476 genuinam.
2600 2430 2604 2434 ·

401 2517 561 2566 quam
599 2498 813 2567 quidem
851 2497 1303 2550 constructionem
1331 2512 1452 2548 mox
1486 2493 1600 2547 fore
1627 2497 1688 2545 ut
1714 2491 1898 2545 conari
1921 2491 2141 2560 possim,
2180 2508 2323 2544 nunc
2349 2509 2564 2560 sperare

401 2583 534 2635 mihi
572 2583 729 2651 licet,
780 2582 905 2650 quia
945 2581 1128 2649 rediit,
1170 2581 1296 2632 dum
1334 2580 1421 2632 hic
1459 2579 1593 2631 liber
1631 2577 1944 2644 absolvitur,
1985 2575 2262 2629 oculorum
2300 2576 2439 2629 acies
2477 2575 2563 2629 vel

400 2667 572 2720 redire
623 2672 763 2720 certe
812 2667 1003 2736 coepit.
1088 2668 1143 2718 at
1190 2668 1251 2718 ut
1288 2664 1563 2718 absolvere
1599 2681 1711 2717 rem
1749 2661 1881 2714 mihi
1923 2661 2229 2731 contingat,
2279 2651 2560 2730 haudquass
2585 2677 2627 2710 25

402 2771 562 2821 quam
614 2751 803 2821 edepol
851 2752 976 2805 licet
1020 2769 1234 2820 sperare
1281 2750 1520 2803 futurum
1559 2767 1698 2816 esse,
1746 2765 1846 2800 nec
1883 2746 2068 2799 liceret
2104 2746 2148 2799 si
2186 2745 2362 2799 indole
2398 2763 2561 2816 prae-

402 2839 544 2890 ditus
583 2856 751 2891 essem
790 2838 1051 2906 feliciore3
1102 2836 1194 2889 sed
1230 2835 1578 2888 vehementer
1615 2832 1912 2903 optandum
1950 2834 2031 2884 est
2067 2833 2128 2884 ut
2160 2831 2338 2902 plures
2375 2849 2559 2902 aggre-

402 2923 619 2975 diantur
664 2923 730 2975 ad
778 2923 1095 2992 Dionysium
1142 2920 1583 2975 resuscitandum.
1657 2937 1763 2988 qua
1809 2918 1867 2970 in
1913 2936 2076 2986 opera
2121 2916 2260 2969 nihil
2306 2916 2557 2970 adiuvare

401 3009 654 3061 maiorem
692 3009 981 3061 lectionum
1022 3026 1149 3075 quas
1187 3007 1432 3076 congessi
1469 3023 1751 3076 numerum
1789 3004 1834 3056 si
1871 3003 2232 3072 intellegatur,
2269 3005 2452 3054 tamen
2487 3020 2556 3055 116
2621 3007 2625 3010 ’

401 3093 498 3145 has
544 3093 756 3162 quidem
794 3094 1089 3162 paenitebit
1139 3091 1485 3162 congessisse.
1557 3091 1755 3143 etenim
1792 3107 1902 3141 non
1939 3091 2151 3141 tantum
2188 3087 2315 3156 quid
2348 3105 2558 3156 quoque
2581 3102 2623 3135 30
2715 3092 2722 3098 ‘
2775 3113 2784 3120 ·

403 3179 520 3230 loco
558 3182 743 3230 auctor
781 3179 1080 3248 scripserit,
1119 3179 1344 3231 interest
1382 3178 1540 3244 scire,
1590 3193 1774 3229 verum
1814 3175 1975 3227 etiam
2013 3191 2148 3243 quae
2185 3173 2323 3226 lecta
2358 3173 2468 3230 sint
2502 3172 2561 3225 in

404 3263 506 3315 hoc
544 3264 838 3316 enchiridio
876 3283 971 3333 per
1009 3264 1221 3317 saecula
1251 3263 1359 3328 illa,
1399 3262 1591 3330 quibus
1618 3260 1931 3329 disciplinae
1957 3258 2336 3328 grammaticae
2361 3258 2420 3309 in
2444 3258 2558 3309 toto

404 3348 678 3401 occidente
717 3350 1041 3417 orientisque
1080 3367 1276 3419 magna
1312 3350 1463 3416 parte
1501 3346 1912 3398 fundamentum
1951 3348 2079 3397 erat.v
