2808 4394
982 258 1247 321 ποιιιτής
1271 299 1323 307 -
1343 258 1649 320 ΠΡότιΑΛΑι

295 411 366 460 62,
400 412 437 453 2.
471 430 518 435 -
554 408 767 460 ποιητῶν
788 409 828 458 6,
857 410 919 448 12.
959 407 1171 458 ποιηταῖς
1195 407 1234 454 5,
1256 408 1295 448 2.

299 477 536 530 ’Ὅμηρος
567 476 593 519 ὁ
626 474 825 530 ποιητής
859 479 952 526 122,
986 477 1032 515 11

241 544 568 602 ποιητικοὺς
598 546 802 601 τρόπους
833 550 872 597 5,
905 550 944 588 5.
985 567 1032 574 -—
1075 545 1294 598 ποιητικὴ

297 617 439 670 τέχνη
473 616 615 660 tertia
643 615 814 660 artium
844 613 1022 671 species
1043 613 1089 656 in
1111 626 1169 657 ea
1191 626 1294 667 par-

298 685 461 730 titione
493 687 582 740 est,
622 698 762 740 quam
802 698 918 728 unus
950 698 1007 728 ex
1037 683 1295 729 scholiastis

300 757 468 813 legisse
499 755 686 800 videtur
715 755 761 799 in
791 754 1116 812 supplemento
1139 755 1202 798 11:
1236 754 1296 797 ad

303 833 395 882 116,
430 833 537 871 1-2

242 905 403 955 ποῖος
440 897 704 954 exemplum
742 895 939 940 nominis
975 895 1297 952 interrogativi

299 975 367 1024 39,
396 976 421 1013 ιι

242 1037 491 1097 ποιότης.
530 1040 782 1094 ποιότητος
813 1039 1106 1093 ἐπιρρήματα
1137 1037 1296 1081 adver-

299 1111 375 1154 bia
406 1110 648 1167 qualitatis
677 1113 744 1162 75,
772 1114 808 1154 1.
843 1108 948 1152 vide
979 1120 1101 1162 quae
1132 1107 1189 1150 de
1221 1121 1298 1164 ap-

299 1178 568 1238 pellationis
605 1179 651 1222 vi
683 1177 958 1223 scholiastae
996 1178 1157 1222 dicunt
1188 1191 1299 1233 quo-

300 1266 400 1295 rum
439 1250 583 1295 verba
617 1249 665 1293 in
706 1249 811 1295 adn.
853 1249 913 1293 ad
943 1247 972 1292 l.
1003 1248 1031 1292 l.
1063 1249 1298 1306 exscripsi.

299 1322 356 1366 de
395 1335 451 1366 ea
489 1321 689 1373 ratione,
729 1332 849 1375 quae
888 1319 1009 1363 inter
1046 1321 1300 1375 ποιότητος

299 1397 347 1437 et
387 1393 643 1447 μεςότητος
682 1389 852 1434 classes
883 1389 1150 1446 intercedit,
1193 1391 1298 1434 vide

298 1463 498 1507 indicem
553 1461 638 1506 sub
686 1462 883 1517 μεςότης
942 1462 990 1505 et
1038 1460 1299 1506 adnotatio-

298 1548 404 1578 nem
437 1533 497 1578 ad
521 1538 589 1589 74,
613 1540 652 1578 3.
686 1532 845 1577 θετικὰ
866 1544 1053 1586 quoque
1074 1531 1301 1576 adverbia

299 1606 358 1650 ab
418 1602 737 1660 grammaticis
794 1615 887 1646 non
935 1601 1075 1645 nullis
1125 1602 1299 1658 speciei

299 1676 553 1730 ποιότητος
586 1673 822 1731 adscripta
852 1674 978 1718 sunt:
1011 1673 1068 1717 ad
1103 1678 1171 1727 85,
1194 1679 1219 1717 2
1250 1672 1299 1716 in

298 1746 419 1789 med.
459 1760 489 1801 p
521 1750 589 1789 86.
631 1769 684 1776 -
723 1745 980 1800 ποιότητας
1009 1757 1094 1800 pro
1126 1743 1298 1799 ἰδιότη-

298 1831 382 1861 τας
420 1821 499 1870 42,
530 1822 556 1860 3
595 1815 642 1858 in
672 1814 755 1857 ΤΒ
796 1814 1032 1859 codicibus
1074 1817 1122 1859 et
1150 1816 1298 1860 erote-

299 1886 448 1934 matis.
479 1911 530 1918 -
561 1887 814 1941 ποιότητος
839 1898 1006 1930 nomen
1027 1885 1299 1942 Apollonius

299 1956 525 2013 Dyscolus
556 1956 617 2001 ad
647 1955 957 2000 definiendum
989 1958 1139 2012 ὄνομα
1169 1956 1299 2000 adhi-

299 2028 402 2072 buit
438 2042 520 2085 pro
560 2027 718 2072 οὐςίας
754 2026 965 2081 nomine,
1005 2040 1096 2083 quo
1129 2026 1300 2085 Diony-

297 2098 391 2143 sius
429 2099 478 2142 in
515 2096 862 2142 definitionibus
902 2098 1061 2153 κυρίου
1101 2100 1148 2143 et
1188 2115 1301 2156 προ-

299 2173 547 2227 ςηγορικοῦ
570 2183 676 2213 usus
699 2169 825 2212 erat:
857 2168 975 2214 Add.
1001 2168 1229 2214 LXXXIV
1250 2176 1302 2215 10

300 2246 410 2284 —20

242 2312 517 2366 *Πολέμων
557 2310 825 2367 exemplum
863 2311 1107 2367 anapaesti
1151 2317 1243 2367 119,
1280 2319 1300 2357 1

242 2382 515 2439 πολλάκις
532 2382 795 2438 exemplum
812 2382 1137 2427 adverbiorum
1156 2397 1301 2440 quan-

300 2453 450 2498 titatis
482 2457 550 2508 75,
581 2458 607 2497 3

233 2522 437 2580 ’πολύς.
469 2524 591 2568 πολύ
623 2529 666 2577 8,
698 2529 736 2571 2.
769 2525 834 2568 ὡς
866 2526 944 2568 ἐπὶ
974 2527 1031 2569 τὸ
1064 2527 1185 2570 πολὺ
1217 2528 1301 2571 aut

300 2596 364 2639 ὡς
397 2596 482 2638 ἐπὶ.
506 2595 628 2638 πολύ
661 2599 701 2648 5,
734 2600 772 2642 3.
834 2597 1029 2639 πολλῶν
1060 2602 1128 2650 31,
1159 2602 1198 2641 2.
1230 2602 1298 2653 36,

300 2671 335 2709 1.
383 2666 587 2710 πολλοὺς
618 2670 686 2720 27,
721 2670 761 2711 5.
794 2671 862 2720 28,
895 2671 936 2710 3.
967 2670 1035 2719 69,
1067 2673 1104 2714 3.
1146 2669 1298 2712 πολλά

296 2735 366 2780 43”
400 2741 416 2779 1

241 2807 529 2861 πολυώνυμα
553 2806 914 2863 appellabantur
931 2821 958 2850 a
975 2807 1298 2865 Peripateticis

297 2890 555 2933 synonyma
569 2878 996 2934 grammaticorum,
1014 2878 1095 2922 sed
1112 2879 1300 2937 irrepsit

295 2948 343 2991 in
374 2948 538 2991 horum
575 2962 762 3003 quoque
795 2962 925 2991 usum
956 2949 1074 2992 illud
1104 2962 1296 3008 nomen:

298 3018 358 3061 ad
396 3023 472 3072 36,
504 3022 543 3062 5.
601 3018 672 3072 (iu
718 3018 876 3062 codice
918 3004 1200 3064 Barocciano
1247 3026 1300 3066 68

297 3089 360 3132 fol
382 3094 426 3132 5v
445 3103 573 3145 seqq.
606 3088 800 3146 legitur:
832 3091 1024 3135 Λεξικὸν
1047 3093 1166 3135 κατὰ
1183 3106 1300 3137 ςτοι-

296 3165 424 3214 χεῑον
462 3163 549 3203 τοῦ
581 3160 962 3215 Ἀρμενοπούλου
993 3163 1210 3217 περιέχον
1242 3166 1302 3208 τὰ

297 3230 590 3284 πολυώνυμα
619 3235 718 3275 τῶν
749 3232 999 3286 ῥημάτων,
1041 3232 1119 3275 ubi
1150 3234 1301 3289 primo

296 3300 397 3344 loco
435 3301 602 3354 ἀγαπῶ
642 3303 765 3357 φιλῶ
798 3302 1090 3357 ἀγαπάζομαι
1121 3305 1301 3359 ςτέργω

301 3372 422 3415 inter
453 3385 500 3415 se
533 3370 903 3428 distinguuntur,
935 3375 1102 3429 quarto
1133 3376 1302 3428 ἀγωνί-

297 3445 432 3496 ζομαι
453 3443 716 3497 ἁμιλλῶμαι
738 3445 940 3498 ςπεύδω,
962 3445 1126 3500 quinto
1144 3447 1299 3491 ἀθετῶ

300 3513 545 3567 διαγράφω
577 3514 770 3566 ὸβελίζω
801 3515 1093 3570 ἀνατίθεμαι)
1150 3511 1160 3517 ”

243 3583 406 3641 πόποι.
441 3584 481 3626 ῶ
512 3583 658 3629 πόποι
689 3586 771 3629 aut
801 3586 839 3628 ὧ
863 3600 910 3633 π.
942 3586 1065 3630 inter
1087 3588 1299 3644 exempla

297 3652 626 3697 adverbiorum
638 3658 995 3709 ςχετλιαςτικῶν
1011 3658 1137 3714 apud
1155 3672 1297 3701 unum

297 3737 356 3767 ex
394 3722 654 3768 scholiastis
692 3727 740 3770 et
777 3727 826 3770 in
856 3729 1127 3772 erotematis
1167 3730 1294 3773 vetu-

295 3793 528 3838 stissimist
561 3794 621 3837 ad
653 3800 720 3849 77,
754 3802 775 3840 1
808 3796 856 3840 in
884 3812 915 3854 p
947 3803 1000 3843 78

242 3866 537 3911 Ποσειδῶν
566 3871 634 3919 38,
656 3869 683 3908 4
713 3867 793 3910 ubi
820 3867 878 3916 de
907 3869 1169 3913 nominibus
1191 3884 1299 3927 epo-

297 3939 448 3990 nymis
478 3934 744 3992 disputatur

240 4002 416 4062 πόσος
456 4006 717 4062 exemplum
749 4008 944 4052 nominis
974 4010 1299 4067 interrogativi

298 4079 366 4128 39,
398 4080 422 4118 2

2294 273 2395 324 169

1340 399 1602 458 ποσότης.
1663 403 1925 457 ποςότητος
1974 403 2265 457 ἐπιρρήματα
2314 402 2394 446 ad-

1396 471 1550 516 verbia
1579 473 1858 527 quantitatis
1888 477 1955 525 75,
1988 479 2027 516 3.
2060 472 2278 527 ἀόριςτον
2309 486 2394 516 πο-

1339 595 1341 597 ,
1398 543 1573 598 ςότητα
1611 541 1680 584 his
1717 542 1966 598 significari
1996 542 2166 586 docent
2194 541 2394 586 scholia-

1396 613 1518 667 stae,
1566 613 1824 668 ώριςμένην
1869 612 2103 657 adverbiis
2149 611 2394 657 numerali·

1398 683 1504 727 bus:
1538 683 1598 727 ad
1631 686 1696 736 76,
1735 688 1749 724 1

1341 754 1493 801 ποτέ.
1527 755 1643 799 ποτὲ
1675 755 1758 807 μὲν
1790 756 1905 799 ποτὲ
1934 756 1984 800 δέ
2014 759 2083 809 49,
2117 761 2153 799 1.
2186 761 2209 800 2

1341 826 1450 871 ποῦ
1489 823 1783 868 indefinitum
1803 821 1860 867 in
1892 838 2083 869 numero
2114 826 2395 871 coniunctio-

1398 910 1509 939 num
1547 894 1886 950 expletivarum
1925 897 1996 939 est
2033 901 2102 950 97,
2138 902 2174 941 1.
2233 898 2291 942 de
2323 912 2395 942 ac-

1398 966 1537 1010 centu
1575 965 1701 1010 vocis
1739 964 1843 1009 vide
1882 966 2001 1013 med.
2041 982 2071 1023 p
2102 973 2170 1012 98.
2213 992 2266 999 —-
2305 973 2397 1013 ποῦ

1399 1035 1788 1092 interrogativum
1826 1035 1949 1080 inter
1986 1038 2203 1094 exempla
2232 1037 2396 1083 adver·

1400 1106 1583 1151 biorum
1614 1108 1891 1162 ἑρωτήςεως
1929 1108 2000 1151 est
2029 1113 2098 1162 83,
2130 1114 2155 1150 2
2186 1108 2233 1151 in
2264 1108 2394 1155 codd.

1403 1178 1727 1232 deterioribus,
1758 1177 2055 1234 editionibus,
2089 1177 2253 1222 scholii
2284 1178 2397 1223 lem-

1401 1249 1544 1302 mate,
1574 1249 1864 1303 erotematis;
1904 1250 2046 1304 atque
2084 1248 2226 1293 etiam
2257 1249 2398 1304 Syrus

1402 1319 1688 1364 convertisse
1720 1318 1917 1373 videtur,
1952 1334 1991 1368 v,
2014 1319 2134 1364 Add.
2155 1319 2297 1365 XCVI
2320 1326 2396 1373 293

1401 1389 1483 1434 sed
1514 1403 1605 1434 non
1636 1390 1866 1434 convertit
1895 1389 2154 1434 Armenius.
2188 1415 2242 1423 -
2273 1390 2400 1434 inde-

1402 1461 1580 1505 finitum
1612 1466 1703 1506 ποῦ
1736 1474 1828 1504 11οη
1859 1461 2008 1518 magis
2039 1475 2179 1517 quam
2200 1461 2394 1505 interro-

1401 1531 1610 1588 gativum
1654 1545 1852 1587 usquam
1897 1532 1946 1576 in
1996 1531 2398 1577 coniunctionibus

1400 1602 1677 1656 ducendum,
1699 1603 1780 1647 sed
1796 1617 1979 1660 semper
1994 1602 2267 1647 adverbium
2284 1616 2398 1655 esse,

1401 1674 1543 1718 etiam
1582 1674 1661 1717 ubi
1701 1688 1757 1718 ex
1795 1672 2055 1717 abundanti
2085 1673 2298 1718 additum
2328 1687 2400 1718 es-

1399 1746 1485 1799 set,
1518 1745 1771 1789 censebant
1791 1743 2067 1801 Apollonius
2090 1744 2319 1800 Dyscolus
2351 1746 2400 1788 et

1400 1815 1711 1869 Herodianus,
1753 1814 1835 1859 sed
1874 1813 2176 1858 nihilominus
2213 1815 2261 1858 in
2292 1829 2400 1859 enu-

1401 1885 1635 1930 merandis
1693 1884 2097 1930 coniunctionibus
2155 1885 2402 1941 expletivis

1401 1957 1596 2012 uterque
1615 1955 1813 2013 protulit
1829 1955 1970 1999 etiam
1991 1960 2099 2012 ποῡ,
2118 1956 2231 2011 quia
2246 1957 2401 2000 aucto-

1401 2027 1542 2071 ritate
1603 2025 1846 2071 enchiridii
1895 2026 2167 2082 Dionysiani
2226 2029 2402 2072 factum

1403 2099 1519 2153 erat,
1552 2098 1604 2141 ut
1635 2097 1772 2155 vulgo
1805 2098 1971 2142 vocula
2002 2099 2267 2153 ςυνδέςμοις
2289 2112 2400 2154 quo·

1403 2183 1494 2223 que
1512 2172 2024 2225 παραπληρωματικοῑς
2036 2169 2400 2214 adscriberetur:

1402 2241 1464 2284 ad
1493 2245 1563 2296 97,
1598 2246 1619 2283 1
1651 2240 1700 2283 in
1730 2242 1847 2286 extr.
1878 2254 1909 2296 p
1939 2245 1994 2285 98

1346 2312 1499 2356 *ri-oisc
1530 2311 1749 2356 metricus
1785 2317 1880 2365 117,
1911 2317 1938 2357 4
1968 2313 2015 2356 et
2045 2316 2071 2356 5
2103 2312 2152 2355 et
2184 2316 2222 2355 7.
2259 2316 2354 2365 123,
2378 2318 2403 2354 2

1404 2383 1452 2426 et
1481 2389 1506 2427 3
1537 2384 1586 2427 et
1616 2388 1641 2426 8
1672 2385 1720 2427 et
1754 2389 1818 2427 10.
1854 2388 1948 2437 124,
1979 2389 2003 2427 2
2036 2383 2084 2427 et
2103 2387 2145 2427 4.
2193 2384 2251 2426 τὸ
2283 2383 2403 2426 κατὰ

1402 2455 1524 2498 πόδα
1557 2456 1681 2499 εἶδος
1711 2458 1873 2508 τομῶν
1903 2454 1987 2498 XV
2018 2460 2057 2498 8.
2093 2458 2138 2496 11

1343 2526 1570 2583 πρᾶγμα
1606 2524 1859 2581 opponitur
1898 2526 2074 2578 ςώματι
2113 2529 2188 2577 24,
2229 2530 2254 2569 3
2292 2524 2342 2567 et
2377 2528 2405 2566 4

1399 2599 1459 2649 (v.
1503 2595 1610 2640 adn.
1642 2594 1702 2638 ad
1732 2597 1889 2650 3—5).
1957 2595 2209 2652 opponitur
2239 2595 2403 2650 φράςει

1399 2671 1468 2720 91,
1504 2672 1524 2709 1
1549 2666 1619 2710 bis

1343 2739 1623 2793 *πρακτικαὶ
1653 2739 1812 2794 τέχναι
1847 2743 1941 2795 116,
1975 2744 2014 2786 2.
2051 2743 2144 2794 117,
2183 2743 2202 2782 1

1342 2809 1572 2864 Πριαμιάς
1603 2810 1651 2853 et
1670 2809 1905 2864 Πριαμίνη
1937 2809 2263 2864 patronymica
2293 2809 2401 2852 ficta

1402 2879 1461 2923 ad
1512 2879 1781 2934 analogiam
1830 2879 2070 2923 nominum
2118 2879 2294 2923 Πελιὰς
2353 2880 2401 2923 et

1404 2951 1699 3006 Ἀδρηςτίνηε
1733 2951 1794 2994 ad
1824 2955 1893 3005 26,
1927 2955 1950 2994 5

1348 3022 1590 3080 Πριαμὶς
1648 3020 1915 3077 exemplum
1974 3022 2399 3078 patronymicorum

1401 3092 1730 3136 femininorum
1760 3097 1828 3146 26,
1860 3097 1888 3135 4

1345 3159 1454 3221 πρό
1485 3161 1768 3219 praepositio
1799 3163 2122 3218 monosyllaba
2152 3167 2221 3216 71,
2252 3169 2277 3205 2

1346 3231 1614 3293 πρόγονοι
1645 3234 1945 3290 opponuntur
1974 3233 2099 3290 patri
2129 3238 2196 3286 25,
2229 3239 2255 3276 9

1348 3302 1624 3363 πρόθεσις
1649 3305 1934 3360 praepositio
1954 3311 2021 3359 23,
2045 3311 2086 3349 2.
2121 3310 2187 3358 70,
2210 3312 2249 3347 2.
2286 3309 2350 3357 71,
2379 3310 2396 3345 1

1346 3377 1836 3430 *προκελευςματικός
1871 3381 1964 3429 119,
1998 3381 2048 3420 10

1347 3447 1676 3500 προλεγόμενα
1727 3445 1839 3489 artis
1890 3445 2203 3501 Dionysi-anae
2254 3446 2400 3489 nomi·

1401 3517 1570 3561 nantur
1601 3516 1712 3560 alibi
1743 3529 1836 3560 non
1857 3517 1985 3560 nulla
2004 3531 2124 3572 quae
2146 3515 2401 3560 enchiridio

1398 3587 1652 3643 praemissa
1682 3589 1810 3638 sunt,
1847 3586 1948 3631 vide
1979 3587 2126 3644 praef.
2158 3587 2312 3630 xxm
2344 3593 2397 3631 39

1398 3657 1543 3701 Xle
1569 3662 1631 3705 15.
1664 3661 1715 3700 21
1748 3659 1797 3702 et
1827 3658 1931 3702 adn.
1963 3658 2023 3702 ad
2054 3657 2402 3713 inscriptionem

1396 3728 1588 3772 technes
1631 3727 1681 3772 in
1718 3743 1748 3785 p
1779 3735 1831 3783 33
1876 3728 1991 3772 alibi
2028 3728 2173 3784 ipsius
2211 3727 2402 3772 technes

1401 3798 1558 3855 capita
1587 3799 1766 3855 priora,
1806 3799 1910 3843 vide
1941 3800 2001 3843 ad
2032 3805 2073 3855 5,
2112 3805 2130 3842 1

1344 3871 1663 3925 προληπτικὸς
1686 3871 1951 3926 ςύνδεςμος,
1985 3870 2090 3914 vide
2113 3873 2393 3926 προςληπτι7

1399 3942 1471 3984 κοὶ
1501 3953 1538 3985 ς.
2178 3977 2193 3991 .

1345 4007 1630 4070 πρόπαλαι
1647 4011 1913 4067 exemplum
1932 4011 2260 4057 adverbiorum
2278 4025 2397 4057 com-

1399 4081 1659 4138 positorum
1690 4087 1758 4135 73,
1791 4088 1815 4126 2
