2814 4400
728 251 792 295 IN
823 251 1044 305 QVIBVS
1076 250 1217 295 SYRI
1249 251 1316 308 (S)
1347 251 1680 296 LECTIONES
1712 252 1942 296 INSVNT
2201 252 2404 296 LXXXV

395 379 460 432 ad
487 379 581 448 25,
610 379 663 433 7.
707 380 762 432 in
786 381 834 432 A
855 379 1034 433 codice
1063 379 1321 432 versionis
1347 379 1641 448 syriacae
1669 381 2071 447 ὑποκοριςτικόν
2092 398 2403 433 conversum

255 467 334 516 est
370 464 587 517 nomine
625 465 762 533 quod
803 465 908 516 vim
946 465 1311 517 diminutionis
1335 463 1514 533 habet,
1553 464 1609 516 in
1639 463 1682 514 B
1710 466 1887 517 codice
1914 483 2106 517 nomeu
2134 465 2404 517 invenitur

250 549 389 617 quod
427 549 714 602 blanditias
751 549 1035 619 significat.
1112 548 1191 600 cfr
1228 548 1370 600 infra
1407 550 1474 601 ad
1513 547 1597 614 28,
1624 548 1673 601 6.

390 703 454 756 ad
494 702 587 771 25,
616 703 838 771 8-26,
867 704 895 756 l
938 702 1188 773 [DISCR.
1215 702 1308 756 ET
1334 702 1638 773 TESTIM]
1700 703 1764 755 In
1795 704 2101 772 Appendice
2127 724 2162 773 p
2189 705 2258 756 30
2283 722 2402 757 cum

204 802 225 834 5
251 788 493 857 Dionysii
532 789 595 841 de
633 789 997 859 patronymico
1037 788 1211 840 verbis
1249 789 1543 857 composita
1579 789 1788 841 invenis
1825 806 1961 857 quae
1988 789 2050 840 de
2090 790 2273 841 eadem
2309 807 2402 842 no-

248 874 404 924 minis
443 875 618 942 specie
655 874 848 926 docent
877 872 1155 925 Diomedes
1186 872 1205 924 1
1233 874 1474 943 32324-29
1513 871 1783 927 Charisius
1809 872 1835 925 I
1867 874 2211 943 15427—1552
2252 874 2402 927 Dosi-

246 957 399 1010 theus
425 957 531 1011 VII
556 960 748 1028 3955,-7
788 958 1031 1011 Donatus
1056 957 1136 1010 IV
1161 958 1402 1028 37323„28
1436 957 1696 1028 [Sergius]
1724 960 1778 1009 in
1807 957 2078 1010 Donatum
2106 957 2183 1010 lV
2207 960 2401 1028 5377,9

248 1080 376 1113 1,-,5
427 1044 794 1114 53936-5403
852 1042 1174 1096 Consentius
1227 1041 1272 1093 V
1320 1043 1511 1113 34¹4—6
1564 1080 1692 1113 11-,6
1740 1042 2046 1095 Priscianus
2098 1042 2149 1094 II
2196 1043 2399 1113 62,5-17

245 1128 448 1197 6311-13
487 1129 690 1199 6512-17
730 1129 933 1198 6714-17
972 1127 1146 1197 685-7.
1205 1145 1430 1195 quorum
1456 1127 1598 1180 haud
1623 1145 1794 1196 pauca
1820 1128 2081 1198 originem
2108 1128 2311 1181 ducunt
2336 1147 2399 1180 ex

183 1228 222 1258 10
245 1213 487 1266 doctrina
525 1213 866 1284 Dionysiana.

385 1356 450 1406 ad
489 1354 583 1422 25,
611 1355 665 1409 8.
729 1353 795 1410 S:
834 1357 1243 1422 πατρωνυμικόν
1281 1358 1376 1421 μὲν
1418 1355 1517 1410 οὖν
1556 1357 1659 1408 ἐςτι
1697 1357 1758 1408 τὸ
1796 1357 1986 1421 κυρίως
2014 1356 2123 1410 ἀπὸ
2149 1358 2398 1422 πατέρων

240 1441 368 1510 (non
408 1440 634 1512 πατρὸς)
673 1442 1130 1508 ἐςχηματιςμένον,
1171 1440 1290 1494 οἷον
1331 1440 1516 1493 Levita
1555 1441 1805 1496 Iudaeus,
1882 1447 2300 1507 καταχρηςτικῶς
2339 1444 2398 1495 δὲ

240 1528 322 1579 καὶ
355 1526 448 1598 ,(τὸ
487 1545 594 1578 non
634 1526 915 1599 expressit)
952 1526 1062 1581 ἀπὸ
1111 1527 1428 1594 προγόνων,
1479 1526 1598 1579 οἷον
1638 1566 1808 1579 .....
1849 1530 2143 1594 sequuntur
2179 1526 2399 1578 nomina

236 1611 445 1679 syriaca
481 1612 599 1664 tria.

171 1776 212 1809 15
375 1752 440 1804 ad
480 1753 573 1820 26,
606 1753 655 1806 l.
721 1750 785 1807 S:
832 1772 1013 1819 graece
1059 1757 1232 1806 autem
1269 1753 1361 1805 hoc
1396 1769 1584 1805 nomeu
1622 1756 1722 1805 tres
1759 1757 1904 1821 typos
1939 1754 2146 1820 recipit,
2193 1755 2397 1821 syriace

234 1855 349 1890 vero
387 1856 579 1905 uuum,
618 1839 754 1892 velut
792 1883 802 1893 .
835 1880 846 1890 .
876 1879 887 1890 .
915 1881 926 1893 .
966 1841 1262 1907 sequuntur
1297 1837 1518 1890 nomina
1555 1838 1760 1907 syriaca
1796 1838 1911 1890 tria.

373 1994 438 2045 ad
478 1993 571 2062 26,
599 1994 654 2047 4.
727 1999 971 2060 Θηλυκῶν
1019 1997 1078 2048 δὲ
1127 1994 1178 2047 οἱ
1213 1994 1318 2048 ἴςοι
1352 1995 1516 2062 τρεῖς]
1568 1991 1635 2048 S:
1684 1995 1762 2046 ita
1800 1997 1974 2047 autem
2011 1994 2169 2046 etiam
2206 2011 2393 2047 nomeu

225 2079 542 2145 femininum
575 2097 757 2147 yraeoe
792 2081 1001 2147 quidem
1039 2084 1140 2133 tres
1177 2083 1323 2148 typos
1359 2081 1557 2147 recipit,
1594 2081 1797 2146 syriace
1820 2096 1938 2131 vero
1976 2095 2143 2131 uuum
2168 2083 2389 2143 tantum,

228 2164 365 2216 velut
403 2205 414 2216 .
444 2204 456 2216 .
488 2204 498 2216 .
533 2205 552 2237 ,ἡ
584 2167 880 2233 sequuntur
917 2164 1158 2233 exempla
1191 2164 1295 2216 tria
1331 2166 1550 2232 syriaca.

164 2330 208 2364 20
370 2305 436 2357 ad
476 2305 569 2373 26,
595 2307 759 2359 5--6.
816 2308 946 2362 Ἀπὸ
984 2309 1042 2361 δὲ
1082 2308 1325 2373 μητέρων
1366 2307 1431 2359 οὐ
1472 2307 1763 2372 ςχηματίζει
1803 2309 2211 2372 πατρωνυμικόν
2246 2307 2391 2360 εἶδος

231 2390 262 2443 ὁ
300 2391 553 2461 Ὅμηρος,
593 2393 708 2445 ἀλλ’
747 2393 797 2446 οἱ
833 2393 1113 2461 νεώτεροι]
1178 2389 1245 2446 S:
1284 2392 1349 2443 A·
1375 2392 1677 2444 nominibus
1714 2396 1888 2445 autem
1920 2393 2245 2458 feminarum
2280 2410 2390 2445 nou

225 2475 492 2541 formatur
527 2477 621 2529 hoc
655 2494 857 2530 nomeu.

371 2600 436 2669 ad
475 2617 569 2686 27,
599 2618 759 2672 1-2.
836 2616 904 2674 S:
938 2620 1075 2672 velut
1101 2619 1331 2686 pallium
1370 2617 1604 2685 Ioseph,
1645 2619 1798 2686 virya
1836 2618 2133 2681 AharouiS,
2172 2620 2386 2686 gladius

230 2703 479 2757 Goliathi.

162 2867 204 2900 25
366 2846 430 2899 ad
470 2846 563 2914 27,
590 2846 754 2902 3—6.
808 2848 1149 2911 Συγκριτικὸν
1188 2848 1247 2900 δέ
1285 2847 1388 2900 ἐςτι
1425 2847 1488 2900 τὸ
1527 2848 1623 2910 τὴν
1657 2847 1914 2911 ςύγκριςιν
1942 2847 2072 2911 ἕχον
2098 2847 2221 2899 ἑνὸς
2249 2849 2384 2911 πρὸς

227 2933 322 2986 ἕνα
361 2934 662 2999 ὁμοιογενῆ,
704 2933 778 2986 ὡς
804 2933 1143 2998 Ἀχιλλεὺς
1181 2930 1655 2997 ἀνδρειότερος
1683 2930 1986 2995 Αἴαντος,
2026 2932 2056 2995 ἢ
2096 2932 2219 2985 ἑνὸς
2246 2933 2383 2996 πρὸς

224 3019 465 3071 πολλοὺς
512 3018 866 3086 ἑτερογενεῖς,
924 3017 1377 3095 ‹isc-’Amnem
1428 3016 1902 3080 ἀνδρειότερος
1948 3022 2074 3069 τῶν
2122 3018 2379 3080 Τρώων.

225 3103 361 3154 hanc
409 3102 775 3154 definitionem
820 3119 1124 3170 perversam
1169 3119 1281 3153 esse
1330 3101 1510 3153 censui
1559 3101 1622 3152 Z.
1658 3099 2176 3168 Wiederkerstelluuy
2222 3120 2256 3169 p
2297 3101 2379 3165 79,

223 3187 360 3254 quod
390 3205 482 3239 cur
506 3187 740 3249 fecerim,
766 3204 954 3255 parum
980 3204 1034 3239 se
1059 3186 1369 3255 intellegere
1396 3185 1529 3237 dixit
1553 3185 1777 3237 Pietro
1797 3184 1850 3236 M
1866 3185 2002 3236 erlo
2031 3185 2137 3251 (La
2161 3186 2383 3239 Cultura

159 3272 377 3339 301883,
414 3271 468 3323 II
505 3273 537 3322 2
574 3290 608 3340 p
646 3271 755 3341 35).
829 3271 935 3323 feci
972 3271 1139 3341 igitur
1176 3271 1301 3339 quia
1336 3270 1428 3322 hic'
1463 3271 1592 3336 ὅρος
1630 3270 1801 3338 poscit
1838 3270 2225 3338 ὁμοιογένειαν,
2265 3272 2297 3323 i.
2336 3291 2378 3324 e.

223 3357 554 3423 ὁμοφυλίαν,
603 3356 696 3408 ubi
744 3356 941 3425 singuli
991 3375 1108 3408 cum
1156 3356 1380 3424 singulis
1419 3354 1795 3423 conferuntur,
1846 3356 2236 3425 ἑτερογένειαν,
2287 3358 2379 3409 ubi

222 3442 420 3510 singuli
470 3459 587 3494 cum
636 3441 902 3509 pluribus,
951 3447 1004 3494 et
1048 3442 1172 3510 quia
1217 3441 1450 3493 excludit
1487 3440 1940 3509 comparationem
1986 3441 2219 3508 plurium
2259 3460 2378 3494 cum

223 3526 479 3594 pluribuS,
507 3527 734 3594 denique
761 3528 885 3595 quia
910 3545 1016 3578 non
1041 3526 1218 3594 plures
1246 3526 1471 3594 opponit
1497 3525 1741 3593 singuliS,
1772 3525 1862 3577 sed
1882 3527 2091 3577 multos
2133 3544 2375 3594 peccasse

221 3614 398 3662 autem
435 3611 509 3662 ita
541 3611 977 3681 technographus
1015 3613 1147 3664 mihi
1182 3612 1407 3679 videtur,
1447 3611 1571 3679 quia
1609 3628 1670 3662 ea
1695 3614 1903 3675 tantum
1940 3610 2198 3678 exempla,
2241 3629 2378 3679 quae

159 3714 200 3746 35
223 3695 442 3762 subicit,
492 3697 548 3746 in
595 3695 844 3765 fingendo
891 3696 1004 3768 ὅρῳ
1050 3697 1382 3765 respiciebat.
1458 3695 1685 3747 removit
1730 3713 1794 3747 ex
1842 3695 2151 3747 definitione
2200 3696 2376 3746 omnia

222 3798 355 3848 quae
385 3781 616 3833 indicavi
652 3780 780 3832 vitia
806 3780 1198 3837 Priscianus
1210 3822 1223 3849 ,
1265 3783 1470 3849 partem
1498 3782 1638 3831 certe
1669 3780 1934 3832 sublatam
1967 3779 2205 3831 videmus
2234 3781 2374 3847 apud

223 3864 613 3917 Diomedem.
661 3898 718 3904 —
763 3862 801 3919 S
829 3866 1100 3934 conspirat
1133 3867 1189 3917 in
1217 3865 1542 3931 definitione,
1579 3864 1883 3932 discrepat
1869 3883 1922 3915 1n
1952 3864 2229 3932 exemplis:
2269 3881 2376 3917 ecce

214 3950 336 4017 plus
372 3967 534 4016 quam
571 3950 782 4003 Salomo
818 3948 1034 4020 (Mffatth
1077 3950 1165 4015 12,
1192 3949 1309 4020 42),
1358 3948 1567 4001 Salomo
1612 3950 1823 4016 sapiens
1854 3949 1963 4015 fuit
2005 3950 2177 4015 mayis
2213 3965 2373 4014 quam

220 4050 393 4086 omnes
426 4035 529 4102 filii
564 4035 778 4088 orientis
812 4033 863 4105 (1
905 4034 1038 4105 Reg.
1082 4034 1164 4101 10,
1203 4033 1311 4104 23).
