2808 4394
739 260 804 304 IN
834 259 1056 314 QVIBVS
1087 260 1227 305 SYRI
1256 260 1325 315 (S)
1354 259 1685 305 LECTIONES
1716 260 1944 305 INSVNT
2286 262 2431 306 XCIX

272 391 352 459 (in
387 389 572 443 Jahnii
608 389 882 442 annalium
920 387 1292 457 supplemento
1329 387 1459 440 XIV
1496 407 1532 455 p
1568 388 1723 459 239):
1762 390 1997 454 Ζήνων
2037 390 2097 442 δέ
2136 407 2308 456 φηςιν,
2348 390 2430 443 ὅτι

268 477 426 541 τέχνη
474 476 611 529 ἐςτὶν
661 474 888 541 ςύςτημα
932 474 990 526 έκ
1032 473 1388 538 καταλήψεων
1440 475 1979 539 ςυγγεγυμναςμένων
2018 475 2155 539 πρός
2192 493 2240 527 τι
2276 476 2431 529 τέλος

269 560 556 625 εὔχρηςτον
604 550 718 614 τῶν
765 560 824 612 ἐν
872 564 947 627 τῷ
996 558 1108 627 βίῳ.
1182 555 1276 608 Eis
1320 557 1476 624 lociS‚
1523 557 1615 609 ubi
1653 557 1788 621 ὅρον
1827 558 1980 611 citari
2019 559 2156 627 dixi,
2206 558 2432 611 addendi

268 645 428 698 etiam
466 643 522 695 hi
561 647 710 696 sunt:
750 642 892 696 Sext.
929 641 1135 710 Empir.
1170 641 1286 693 adv.
1322 641 1574 693 mathem.
1612 640 1718 693 VII
1748 642 1892 711 (adv.
1932 643 2135 711 logicos
2171 642 2217 713 I)
2257 646 2291 710 ξ
2331 645 2431 696 109

225 743 246 775 5
266 748 302 798 p
340 729 488 799 21219
518 728 579 781 Β.
619 732 671 781 et
709 727 979 781 Ciceronis
1005 725 1255 778 Academ.
1284 726 1341 778 II
1369 726 1418 792 7,
1446 725 1541 776 22:
1581 742 1673 778 ars
1707 744 1824 779 vcro
1858 744 1991 793 quac
2011 732 2301 794 potestesse
2324 730 2434 782 nisi

268 831 403 880 quac
439 831 545 866 non
583 830 644 866 cx
679 803 793 866 mia
830 816 926 866 aut
962 811 1183 878 ἅααῖηιε,
1220 812 1311 863 sed
1345 828 1407 864 cx
1443 811 1620 863 multis
1658 812 1831 864 animi
1859 814 2277 879 perceptionibus
2314 832 2431 867 con-

266 898 409 951 stat?
482 898 601 950 vide
641 895 1084 951 CWachsmuthii
1124 895 1629 947 commentationem
1666 895 1692 947 I
1730 895 1792 947 de
1831 895 2043 948 Zenone
2081 899 2135 949 et
2173 898 2432 951 Cleanthe

267 1003 302 1052 p
347 984 427 1035 12.
468 1014 536 1021 —
573 983 637 1035 In
675 1000 737 1034 ea
775 980 1137 1034 adnotationis
1176 997 1325 1032 meae
1372 983 1549 1048 parte,
1600 999 1735 1049 quae
1772 980 1971 1050 legitur
2008 981 2163 1034 initio
2202 983 2432 1051 paginae

272 1069 371 1120 116
382 1110 396 1136 ,
435 1067 665 1120 scribere
704 1066 961 1118 debebam
997 1067 1058 1118 in
1093 1068 1406 1132 scriptorum
1444 1069 1618 1117 autem
1650 1083 1988 1133 graccorum,
2030 1083 2157 1133 quos
2195 1067 2431 1134 laudavi,

204 1168 245 1198 10
258 1154 522 1221 plur-imos
556 1169 654 1220 pro
692 1153 752 1203 in
789 1155 975 1204 ceteros
1013 1154 1188 1204 autem
1224 1167 1352 1216 quos
1389 1150 1611 1203 laudavi
1646 1152 1921 1218 scriptores
1951 1169 2181 1218 qraccos.
2250 1153 2431 1220 paullo

266 1243 390 1306 post
428 1236 710 1288 dicendum
757 1238 895 1303 erat,
944 1236 1086 1303 apud
1124 1233 1411 1302 Sopatrum
1449 1235 1556 1304 legi
1595 1236 1652 1288 έκ
1689 1237 2041 1302 καταλήψεως
2080 1254 2433 1302 ςυγγεγυμνα-

267 1323 478 1387 (μένον.
542 1320 767 1389 denique
794 1320 910 1373 dele
945 1338 1146 1388 quoquc
1180 1338 1379 1385 vocem,
1419 1337 1555 1388 quae
1593 1320 1651 1371 in
1684 1319 1860 1372 media
1883 1322 2083 1391 pagina
2114 1322 2212 1374 116
2239 1321 2435 1392 legitur

266 1407 406 1458 inter
441 1407 532 1459 scd
568 1407 714 1474 apud
749 1410 934 1459 ceteros
971 1407 1024 1457 et
1060 1406 1153 1473 wi
1188 1404 1495 1459 Stoicorum.

406 1561 471 1614 ad
512 1562 619 1615 125
647 1581 761 1631 sqq.
834 1561 1026 1614 Merxii
1074 1560 1235 1613 editio
1289 1561 1549 1613 versionis
1597 1563 1903 1630 syriacae
1948 1563 2190 1615 adeunda
2234 1567 2339 1631 est,
2389 1565 2434 1616 si

205 1661 244 1692 15
270 1647 333 1700 de
371 1648 555 1700 tabula
578 1646 1201 1716 flexionumssverbalium,
1243 1664 1348 1714 qua
1374 1645 1536 1714 Syrus
1569 1647 1701 1699 artis
1727 1646 2159 1715 supplementum
2186 1651 2434 1716 quartum

267 1732 468 1784 imitari
514 1735 733 1784 conatus
782 1734 888 1798 est,
937 1731 1094 1800 plura
1140 1731 1274 1782 scire
1324 1730 1469 1782 voles
1518 1750 1678 1800 quam
1724 1750 1861 1800 quae
1908 1732 2052 1784 infra
2095 1733 2430 1800 protulimus.

266 1820 500 1870 ceterum
538 1817 680 1868 illius
719 1816 932 1869 tabula-e
971 1815 1278 1885 fragmenta
1316 1818 1528 1868 tantum
1566 1817 1624 1868 in
1662 1817 1841 1869 codice
1869 1816 2199 1870 Londinensi
2226 1822 2434 1871 servata

263 1905 404 1967 sunt,
443 1903 488 1955 si
525 1902 681 1954 modo
723 1920 976 1971 umquam
1012 1902 1178 1954 totius
1213 1900 1599 1970 paradigmatis
1625 1902 1800 1971 graeci
1831 1902 2203 1971 interpretatio
2229 1904 2434 1971 syriaca

263 1987 481 2041 exstitit.

199 2144 241 2175 20
404 2129 471 2181 ad
511 2129 618 2183 125
646 2129 679 2182 I
706 2130 871 2183 2-9.
948 2126 1014 2184 S:
1056 2131 1221 2196 Ῥῆμα
1247 2130 1512 2196 ὁριςτικὸν
1540 2131 1881 2195 ἐνεργητικὸν
1909 2131 2112 2196 χρόνου
2139 2132 2434 2186 ἐνεςτῶτος

262 2219 335 2268 cst
369 2220 478 2269 τῶν
517 2220 680 2280 τριῶν
719 2214 1014 2284 (intercidit
1050 2215 1382 2281 προςώπων)
1422 2232 1479 2267 τε
1508 2217 1594 2268 καὶ
1620 2214 1874 2280 ἀριθμῶν.
1936 2219 2061 2283 post
2092 2217 2432 2282 ἐνεργητικὸν

262 2300 429 2368 igitur
467 2318 555 2351 om
595 2318 728 2368 quae
767 2301 932 2352 codex
958 2300 1299 2352 Monacensis
1327 2302 1381 2351 et
1406 2300 1695 2351 Armenius
1735 2300 2008 2352 exhibent:
2051 2301 2263 2356 ἁπλοῦν
2289 2308 2433 2358 culu-

261 2385 378 2448 γίας
416 2387 628 2450 πρώτης
664 2391 775 2440 τῶν
815 2387 1129 2452 βαρυτόνων
1169 2385 1419 2452 ῥημάτων
1460 2385 1737 2449 ἐγκλίςεως
1775 2386 2046 2451 ὁριςτικῆς.

404 2541 471 2593 ad
512 2540 619 2594 125
648 2541 682 2594 I
707 2542 743 2595 9
785 2539 1209 2611 [LEGTIONES
1248 2539 1588 2610 ARMENII]
1624 2542 1860 2609 ycncrali
1897 2540 2180 2594 delendum
2219 2546 2316 2595 est.

196 2696 238 2728 25
401 2682 465 2734 ad
509 2682 617 2736 125
645 2683 678 2736 Ι
707 2683 946 2737 10-17.
1011 2681 1050 2738 S
1091 2683 1306 2736 dualem
1337 2683 1539 2735 omittit
1577 2683 1660 2752 (ut
1696 2684 1939 2755 adsolet).
2005 2685 2274 2754 ceteroqui
2313 2703 2433 2738 cum

260 2767 435 2820 verbis
473 2769 678 2837 graecis
716 2768 875 2838 plane
915 2769 1164 2822 concinit.

405 2909 471 2961 ad
512 2910 620 2964 125
647 2911 680 2965 I
709 2910 948 2965 19-27,
1026 2908 1090 2966 S:
1130 2895 1494 2978 Ἐνεργητικὸν
1535 2898 1740 2977 χρόνου
1769 2913 2063 2978 praeteriti.
2140 2915 2434 2981 sequuntur

265 2995 471 3049 formae
510 3014 645 3064 quae
684 2997 1008 3066 respondent
1045 3014 1237 3066 graeco
1275 2997 1606 3065 imperfecto.

409 3138 476 3190 ad
505 3138 613 3191 125
639 3138 709 3192 H
734 3139 915 3193 9-27
943 3138 1048 3192 III
1073 3138 1277 3192 9—27.
1334 3139 1572 3207 perfecta
1597 3140 1651 3190 et
1674 3139 2197 3207 plusquamperfecta
2223 3141 2435 3209 generis

203 3235 246 3267 3⁰
267 3223 427 3276 activi
465 3226 518 3275 et
553 3223 715 3275 medii
752 3224 944 3276 desunt
978 3224 1118 3293 apud
1158 3221 1213 3278 S.

408 3364 475 3416 ad
517 3364 626 3418 126
650 3364 685 3418 I
710 3365 762 3418 1.
825 3365 1050 3418 aoristus
1088 3366 1250 3418 activi
1287 3366 1429 3434 apud
1468 3362 1506 3420 S
1547 3365 1744 3435 legitur
1778 3369 1905 3435 post
1937 3366 2179 3419 futurum
2215 3370 2431 3436 passivi.

411 3505 478 3557 ad
520 3506 630 3560 126
655 3507 688 3560 I
715 3507 956 3561 23-31.
1029 3508 1271 3560 futurum
1319 3507 1553 3560 activum
1598 3507 1737 3576 apud
1787 3506 1825 3563 S
1874 3509 2015 3562 inter
2060 3509 2432 3579 imperfectum

269 3591 503 3643 activum
541 3594 595 3643 et
625 3610 876 3660 praesens
911 3594 1182 3662 passivum
1219 3593 1431 3663 legitur.

351 3804 355 3806 μ
412 3732 477 3784 ad
518 3732 629 3786 126
653 3733 722 3787 II
750 3734 950 3788 1—11.
1027 3732 1093 3790 S:
1131 3736 1392 3801 παθητικὰ
1419 3751 1775 3803 personarum
1812 3737 1975 3790 trium
2012 3737 2316 3791 ἐνεςτῶτος.

207 3890 248 3923 35
412 3873 479 3926 ad
520 3874 630 3927 126
654 3874 723 3927 II
749 3874 990 3930 22—43.
1064 3877 1337 3929 intercidit
1381 3877 1664 3946 inscriptio
1704 3876 2144 3948 (παρακειμένου)
2192 3877 2331 3945 apud
2372 3874 2428 3931 S.

271 3958 461 4011 deinde
499 3962 622 4028 post
657 3960 983 4030 singularem
1020 3980 1301 4014 numerum
1339 3961 1563 4030 perfecti
1600 3963 1857 4030 temporis
1895 3961 2235 4030 subsequitur
2259 3962 2433 4030 prima

269 4043 491 4111 pluralis
525 4043 1049 4114 plusquamperfecti.

2024 4130 2087 4187 g*
