2808 4394
375 276 444 327 84
1035 278 1061 326 ξ
1094 279 1146 318 19
1176 276 1268 331 (24)
1299 274 1388 318 EX
1417 274 1561 319 REC.
1592 274 1859 320 PRIORE

515 402 655 469 <20>
701 403 778 455 Τὰ
825 403 883 454 δὲ
932 402 1246 468 ἐπιτάςεως,
1296 403 1419 458 οἷον
1474 404 1617 458 λίαν
1682 403 1939 469 ςφόδρα
1983 404 2154 458 πάνυ
2199 392 2364 467 ἄγαν
2421 404 2707 470 ,ic-pom

376 491 573 541 λιςτα.
1119 524 1124 530 .
2198 499 2199 502 ’
2722 478 2725 480 ’

516 571 655 639 <21>
692 571 824 639 ἦ·Τὰ
863 574 920 626 δὲ
960 574 1299 638 ςυλλήψεως,
1341 573 1460 627 οἷον
1499 573 1623 639 ἅμα
1661 573 1825 640 ὁμοῦ
1864 573 2101 639 ἄμυδις.
2470 643 2477 649 .

515 655 653 724 <22>
692 658 770 710 Τὰ
808 659 868 710 δὲ
906 659 1239 726 ἀπωμοτικὰ,
1279 658 1400 712 οἷον
1439 659 1533 724 μά.
1639 710 1654 720 ,
2305 670 2312 677 ·
2558 675 2601 707 14

315 729 344 774 5
514 740 652 810 (23)
691 743 770 796 Τὰ
807 743 867 796 δὲ
904 744 1262 811 κατωμοτικά,
1304 742 1425 797 οἷον
1463 744 1558 808 νή.

374 965 731 1021 [DISCREPANTIA
763 983 1041 1013 SCRIPTVRAE
1071 985 1118 1012 m
1146 967 1638 1024 MLGBTVHAfb]
1797 968 1822 1014 1
1861 969 1981 1021 ἄγαν
2012 970 2136 1013 πάνυ
2167 967 2380 1013 VHAfb
2524 969 2538 1025 Η

371 1036 401 1080 3
433 1041 593 1092 ἄμυδις
616 1038 651 1081 Β
675 1040 690 1095 ΙΙ
797 1040 829 1084 4
859 1040 1139 1093 ἄπωμοτικά
1160 1038 1315 1082 MLb:
1359 1039 1637 1093 ἀπομωτικά
1661 1038 1878 1093 GVHA,
1919 1039 2182 1093 ἀπομοτικά
2211 1039 2299 1094 Bf,
2331 1040 2538 1094 ἀπωμω-

371 1110 476 1153 τικά
523 1109 561 1153 Τ
612 1111 628 1165 ΙΙ
790 1112 820 1155 5
867 1112 1167 1165 κατωμοτικά
1214 1108 1428 1153 MLTb:
1479 1111 1768 1164 καταμοτικά
1818 1108 1880 1165 G,
1940 1112 2228 1165 κατομοτικά
2276 1110 2335 1166 Β,
2396 1113 2537 1155 Κατο·

372 1181 554 1234 μωτικά
598 1180 774 1224 VHAf

373 1378 761 1435 [DISCREPANTIAE
779 1394 835 1420 Er
851 1392 1115 1421 TESTIMONIA
1125 1391 1407 1421 scnomonvM
1417 1380 1482 1433 (Σ
1493 1388 1527 1422 σ
1535 1380 1589 1432 λ)
1615 1393 1917 1422 ERO'PEMATVM
1928 1381 2010 1435 (E)
2033 1395 2231 1440 Amonvm
2249 1380 2535 1436 sempronvu]

372 1450 612 1505 Stephano
645 1463 832 1505 quoque
863 1449 952 1492 hoc
984 1448 1261 1492 adverbium
1289 1448 1600 1509 lectumesse
1633 1448 1966 1503 conligendum
1996 1463 2091 1493 non
2123 1452 2196 1494 est
2225 1464 2283 1494 ex
2313 1456 2363 1496 Σ
2391 1456 2535 1512 9491οε

370 1521 422 1564 ἑκ
459 1525 545 1564 τοῦ
587 1523 691 1564 πῶς
732 1523 939 1575 Ζητεῖται
977 1520 1181 1574 τρόπος,
1220 1523 1305 1562 τοῦ
1346 1519 1522 1574 πηνίκα
1561 1519 1751 1574 χρόνος,
1791 1526 1877 1565 τοῦ
1920 1521 2069 1564 πόθεν
2106 1521 2254 1565 τόπος
2294 1522 2379 1578 (sic
2408 1515 2536 1566 recte

369 1590 575 1645 Bekker‚
608 1590 704 1633 UH
733 1592 792 1634 τὸ
824 1594 926 1635 πῶς
957 1603 1042 1646 pro
1073 1589 1264 1646 τόπος),
1306 1591 1381 1633 καὶ
1412 1591 1469 1634 τὸ
1503 1594 1595 1634 ποῦ
1635 1593 1709 1633 καὶ
1743 1592 1877 1634 πότε.
1937 1591 1966 1644 ἡ
2001 1591 2051 1634 δὲ
2081 1591 2306 1648 ἑρώτηςις
2345 1593 2398 1636 ἑν
2427 1596 2538 1637 πᾶςι

368 1666 468 1707 τοῖς
490 1663 644 1717 μέρεςι
663 1665 750 1705 τοῦ
773 1662 933 1714 λόγου.
961 1661 1097 1717 patet
1114 1660 1255 1714 enim,
1272 1660 1453 1716 opinor,
1470 1663 1547 1704 καὶ
1567 1662 1624 1704 τὸ
1647 1665 1739 1706 ποῦ
1764 1663 1840 1705 καὶ
1862 1662 1981 1706 πότε
1999 1664 2239 1706 auctorem
2256 1662 2421 1707 scholii
2441 1675 2536 1706 non

369 1733 620 1789 scripsisse.
683 1731 810 1788 apud
848 1731 1038 1775 Latinos
1067 1730 1280 1787 Dionysii
1321 1731 1539 1788 exempla
1567 1745 1662 1776 non
1693 1734 1963 1787 occurrunt,
2004 1732 2094 1776 nisi
2125 1733 2252 1788 quod
2282 1732 2534 1778 Dositheus

369 1804 591 1860 quomodo
621 1807 747 1858 πῶς,
787 1803 893 1846 τίνα
931 1805 1112 1858 τρόπον
1149 1802 1361 1859 praebet,
1423 1802 1631 1847 omnium
1662 1815 1908 1847 commune
1940 1804 2012 1848 est
2040 1817 2136 1858 cwr,
2170 1803 2244 1848 cui
2274 1804 2537 1862 complures

371 1874 552 1918 addunt
581 1888 724 1930 quare
755 1874 956 1930 quidita.
998 1872 1302 1931 ([Victorino]
1337 1872 1555 1928 exempla
1592 1872 1929 1929 interrogantis
1960 1875 2070 1918 sunt
2090 1888 2174 1918 cur
2203 1876 2405 1932 quidita,
2434 1889 2539 1932 pcr-

371 1946 634 1991 cunctantis
663 1944 894 2001 numquid
923 1959 988 1989 an
1016 1945 1090 2001 ne)
1142 1945 1158 2000 ΙΙ
1451 1943 1568 1988 1-2
1600 1946 1658 1988 τὰ
1690 1946 1740 1989 δὲ
1770 1945 2026 1989 ἐπιτάςεως
2057 1971 2111 1976 -
2145 1946 2358 2003 μάλιςτα]
2388 1947 2458 1991 Σ1
2486 1946 2536 1990 in

371 2017 408 2061 O
441 2032 517 2074 ap.
549 2016 675 2074 Hilg.
709 2021 760 2059 11
802 2017 851 2060 et
894 2016 1184 2070 subsequens
1230 2015 1438 2059 scholion
1479 2014 1622 2070 (Hel.)
1669 2015 1775 2059 λίαν
1821 2016 2001 2071 ςφόδρα
2042 2017 2230 2060 tantum
2275 2016 2534 2073 proferunt.

284 2131 287 2133 ,
370 2089 435 2132 Σι
466 2093 595 2144 949,,,,
632 2085 791 2131 omnia
821 2086 1028 2142 quinque
1059 2086 1259 2142 praebet
1289 2087 1339 2131 et
1368 2085 1536 2130 eodem
1567 2085 1729 2130 ordine
1760 2086 1842 2141 qui
1873 2100 2015 2142 supra
2042 2086 2250 2143 legitur‚'
2279 2088 2328 2132 in
2358 2087 2534 2134 scholio

370 2160 529 2202 autem
550 2157 767 2213 sequenti
789 2156 974 2212 (Steph)
995 2156 1177 2199 nullum
1199 2157 1459 2212 reperimus
1479 2155 1572 2200 nisi
1603 2156 1708 2200 λίαν
1729 2158 1860 2211 ἄγαν,
1883 2170 1940 2200 ex
1963 2171 2057 2213 quo
2089 2158 2250 2202 tamen
2270 2172 2364 2203 non
2394 2158 2536 2210 effici-

365 2231 444 2273 tur
474 2229 767 2286 Stephanum
800 2228 979 2283 ςφόδρα
1009 2227 1134 2272 πάνυ
1165 2228 1361 2282 μάλιςτα
1389 2240 1483 2270 non
1514 2227 1768 2283 invenisse,
1801 2226 1907 2271 cum
1937 2227 2026 2271 hoc
2048 2227 2224 2272 scholio
2247 2228 2306 2273 de
2338 2231 2534 2274 accentu

368 2300 698 2344 adverbiorum
742 2299 791 2343 in
836 2304 894 2343 ct—x'e
935 2297 1251 2343 desinentium
1298 2299 1482 2355 agatur.
1544 2301 1579 2343 λ
1618 2298 1957 2354 interpretatur
2003 2298 2219 2352 μάλιςταε
2267 2301 2532 2356 ἐξαιρέτως,

368 2370 527 2415 omnia
565 2371 773 2427 quinque
814 2370 1031 2426 exempla
1068 2369 1245 2414 habent
1276 2369 1420 2413 etiam
1452 2372 1500 2414 E
1510 2376 1526 2404 g
1545 2371 1714 2414 13va
1756 2369 1823 2424 (et
1852 2369 1977 2413 πάνυ
2007 2370 2115 2426 post
2145 2370 2265 2424 ἄγαν
2293 2371 2534 2428 positum),

368 2442 494 2486 πάνυ
526 2454 602 2484 om
623 2444 704 2487 Et.
765 2441 920 2484 Latini
948 2440 1072 2484 hanc
1102 2440 1308 2497 speciem
1338 2441 1528 2496 praeter
1557 2439 1847 2484 Priscianum
1877 2439 2111 2496 ignorant,
2146 2441 2424 2496 quantitatis
2454 2442 2534 2487 ad-
2591 2466 2595 2469 ·

367 2512 541 2556 vei-biis
580 2510 808 2556 eiusmodi
844 2525 984 2556 voces
1021 2510 1299 2557 tribuentes,
1362 2509 1504 2556 Prisc.
1537 2510 1604 2553 III
1635 2515 1755 2565 8727:
1796 2510 2051 2565 intentiva‚
2090 2516 2144 2555 ut
2173 2512 2310 2557 valde
2337 2513 2535 2559 ‘nimium

359 2595 555 2638 prorsus
576 2582 767 2638 penitus
797 2581 981 2626 omnino
1032 2582 1048 2637 ΙΙ
1425 2581 1455 2625 3
1487 2582 1546 2624 τὰ
1577 2582 1627 2624 δὲ
1657 2581 1937 2635 ςυλλήψεως
1968 2607 2023 2612 -
2054 2583 2234 2640 ἄμυδις]
2267 2583 2390 2629 hanc
2419 2583 2535 2628 clas-

367 2666 466 2696 sem
504 2653 709 2696 testatur
740 2653 806 2697 Σι
838 2657 987 2709 94925.
1049 2652 1192 2708 atque
1233 2652 1395 2706 ἄμυδις
1436 2651 1563 2695 vocis
1602 2651 1802 2695 formam
1831 2645 2055 2696 inlustrat
2084 2653 2377 2709 subsequens
2406 2654 2534 2713 scho-

367 2723 461 2767 lion
495 2723 706 2781 (steph),
746 2723 843 2766 vim
882 2722 1092 2767 declarat
1122 2724 1171 2768 λ.
1234 2720 1327 2765 Sed
1364 2722 1414 2765 in
1445 2721 1782 2766 commentario
1813 2720 2097 2767 Heliodoreo
2134 2725 2244 2780 post
2273 2724 2533 2770 ἐπιτάςεως

369 2795 663 2850 ἐπιρρήματα
704 2794 865 2838 statim
903 2793 1114 2849 sequitur
1150 2792 1326 2837 lemma
1355 2794 1414 2837 τὰ
1445 2794 1495 2837 δὲ
1533 2793 1813 2847 ἀπωμοτικὰ
1843 2793 1947 2838 οἷον
1979 2795 2053 2848 μά.
2112 2807 2198 2839 nec
2227 2793 2378 2853 magis
2407 2795 2457 2839 in
2486 2799 2536 2842 Ε

366 2864 673 2909 inveniuntur
704 2866 982 2920 ςυλλήψεως
1013 2863 1262 2918 adverbia,
1296 2877 1417 2918 quae
1449 2863 1563 2919 quid
1594 2863 1684 2907 sibi
1714 2863 1864 2907 velint
1892 2867 1999 2920 post
2028 2866 2281 2920 ἀθροίςεως
2313 2866 2532 2923 speciem,

369 2949 506 2981 nemo
546 2936 688 2981 dicat.
750 2935 953 2991 denique
993 2948 1051 2979 ne
1087 2934 1222 2979 latini
1253 2935 1447 2992 quidem
1488 2933 1750 2991 artigraphi
1786 2934 1908 2978 hanc
1946 2935 2144 2980 classem
2182 2935 2382 2980 habent:
2421 2951 2532 2982 nam

369 3007 690 3065 congregandi
720 3007 797 3051 vel
827 3005 1202 3051 communicandi
1231 3005 1412 3062 species
1443 3005 1699 3062 respondet
1729 3005 1984 3060 ἀθροίςεως
2015 3007 2212 3063 speciei,
2254 3006 2361 3052 vide
2393 3021 2534 3065 supra

370 3078 431 3122 ad
460 3094 491 3135 p
524 3083 592 3133 81,
625 3084 647 3121 1
699 3080 715 3135 ΙΙ
759 3104 765 3111 κ
1077 3071 1174 3122 4—'
1195 3090 1225 3132 p
1260 3076 1340 3131 86,
1372 3075 1399 3119 1
1440 3077 1500 3120 τὰ
1538 3077 1587 3119 δὲ
1625 3076 1905 3131 ἀπωμοτικά
1935 3101 1989 3108 -—
2021 3077 2153 3135 εὔὰν]
2193 3077 2284 3122 hae
2323 3078 2531 3136 quinque

370 3149 538 3193 classes
567 3150 615 3192 in
647 3148 929 3193 scholiorum
967 3146 1245 3192 collectione
1284 3146 1517 3195 Vaticana
1554 3145 1683 3202 (UH)
1722 3147 1771 3190 et
1800 3146 1848 3189 in
1880 3148 2218 3192 commentario
2248 3147 2531 3194 Heliodoreo

370 3218 425 3275 (O
439 3219 499 3274 H)
540 3221 588 3263 et
616 3219 665 3263 in
694 3223 768 3264 Eg
798 3220 868 3263 ita
897 3218 1203 3263 conlocantur
1231 3218 1286 3261 ut
1315 3230 1477 3272 supra3
1508 3216 1557 3259 in
1588 3219 1661 3261 Ev
1683 3219 1732 3261 Ε
1743 3218 1760 3245 b
1778 3220 1846 3261 Et
1876 3217 1964 3260 sic:
2006 3219 2320 3275 βεβαιώςεως,
2352 3210 2528 3275 Θετικά,

368 3291 683 3345 κατωμοτικά,
714 3291 1007 3345 ἀπωμοτικά,
1038 3293 1255 3344 Θειαςμοῦ
1291 3288 1307 3344 ΙΙ
1668 3287 1788 3331 4-5
1820 3289 1880 3331 τὰ
1910 3289 1961 3332 δὲ
1992 3289 2149 3343 ἀπωμ.
2182 3314 2235 3320 -
2266 3289 2348 3346 νή]
2377 3284 2531 3335 Latini

368 3372 462 3403 non
503 3360 801 3417 distinguunt
840 3362 964 3405 inter
994 3374 1041 3404 se
1081 3358 1306 3416 negativa
1338 3359 1387 3402 et
1417 3356 1714 3401 adfirmativa
1747 3356 1972 3401 adverbia
2001 3357 2210 3415 iurandi,
2243 3359 2324 3404 sed
2353 3360 2532 3406 habent

370 3444 511 3475 unam
542 3431 745 3487 speciem
775 3432 973 3476 iwrandi
1003 3431 1080 3475 vel
1110 3429 1431 3474 iwrisiurandi
1460 3427 1537 3471 vel
1567 3427 1771 3471 iurantis
1799 3427 1878 3471 vel
1907 3428 2218 3475 iurativorum
2513 3433 2529 3490 η

370 3502 401 3546 4
432 3502 492 3556 μά
524 3502 665 3545 etiam
696 3502 1022 3556 κατωμοτικὸν
1054 3514 1153 3546 esse
1184 3500 1358 3544 docent
1387 3504 1437 3543 Σ
1464 3503 1593 3554 94930
1627 3497 1809 3554 (steph)
1840 3501 1889 3542 Σ
1917 3503 2025 3553 950,
2058 3503 2108 3543 Σ
2135 3505 2243 3557 9505
2276 3502 2430 3560 (Hel),
2461 3502 2530 3548 cfr

370 3572 525 3628 Apoll.
547 3572 676 3628 soph.
703 3578 836 3628 10927.
897 3573 1098 3617 alterum
1128 3573 1449 3626 ἀπωμοτικῶν
1481 3568 1749 3623 exemplum
1779 3581 1917 3612 nemo
1948 3568 2141 3614 testium
2173 3572 2365 3618 exhibet
2515 3573 2529 3633 Η

370 3644 399 3688 5
424 3643 507 3700 νή]
549 3644 626 3688 ναί
664 3647 738 3688 E’l
769 3645 845 3688 Eh
885 3643 951 3699 (in
992 3644 1064 3687 ed.
1097 3642 1252 3686 Wald.
1283 3640 1359 3685 ναί
1398 3641 1481 3696 νή)
1514 3642 1580 3684 Et
1610 3638 1679 3695 (in
1717 3653 1797 3695 mg
1827 3640 1905 3694 νή)

370 3857 631 3913 [anrmomzs
662 3856 867 3911 mmmm]
955 3854 1083 3899 1-2
1132 3856 1235 3899 λίαν
1277 3880 1330 3885 -
1373 3852 1587 3909 μάλιςτα]
1642 3850 1859 3907 exempla
1908 3854 2090 3908 septem
2133 3854 2153 3911 ΙΙ
2285 3855 2317 3901 8
2367 3858 2427 3902 τὰ
2457 3847 2525 3904 ’δὲ
2800 3900 2808 3906 ι

369 3930 646 3984 ςυλλήψεως
688 3955 738 3960 —-
779 3925 967 3984 ἄμυδις]
1033 3926 1152 3969 hanc
1210 3926 1405 3970 classem
1461 3923 1648 3980 ignorat
1696 3922 1712 3978 ΙΙ
1932 3923 1963 3967 4
2013 3925 2099 3981 μά]
2166 3925 2258 3970 duo
2308 3929 2528 3986 exempla
2801 3912 2808 3959 Ῑ

365 4000 586 4054 praebet,
638 4012 838 4054 quorum
877 3998 1128 4051 utrumque
1170 3996 1403 4052 significat
1450 3994 1570 4038 absit
1609 3993 1726 4047 (dar
1767 3994 1816 4037 et
1850 3996 1996 4049 e—hau)
2047 3996 2063 4051 ΙΙ
2253 3997 2286 4042 ὅ
2324 3999 2412 4055 νή]
2462 3999 2526 4044 λα
2794 3995 2808 4004 “

365 4068 394 4111 i.
420 4082 457 4113 e.
489 4070 559 4113 ita
599 4075 661 4115 est
