2808 4394
334 276 404 327 50
988 278 1012 327 ξ
1049 278 1101 319 13
1133 275 1222 330 (15)
1282 274 1369 318 ΕΧ
1399 275 1544 320 REO.
1576 275 1836 321 PRIORE

478 402 602 467 Εἴδη
643 405 701 455 δὲ
750 404 873 466 δύο,
923 404 1282 469 πρωτότυπον
1331 406 1416 456 καὶ
1452 406 1807 471 παράγωγον·
1846 407 2208 470 πρωτότυπον
2237 390 2344 473 ’μὲν
2384 408 2670 463 οἶονιιδθὸδ

335 487 537 552 ἄρδω,
579 487 909 552 παράγωγον
949 490 1008 541 δὲ
1047 489 1167 543 οἷον
1207 489 1480 555 ἀρδεύω.

477 572 721 638 (χήματα
757 572 892 637 τρία,
933 573 1162 642 ἁπλοῦν,
1205 575 1488 639 ςύνθετον,
1529 576 1957 640 παραςύνθετον·
2000 576 2210 630 ἁπλοῦν
2247 578 2342 642 μὲν
2382 577 2502 631 οἷον
2527 592 2569 625 15

334 661 591 723 φρονῶ,
656 658 909 712 ςύνθετον
958 661 1016 712 δὲ
1090 660 1210 713 οἷον
1273 664 1708 728 καταφρονῶ,
1784 660 2189 726 παραςύνθετον
2263 664 2322 715 δὲ
2384 662 2502 717 οἷον

340 857 715 912 [DISCREPANTIA
748 871 1023 901 SCRIPTVRAE
1059 874 1107 901 IN
1139 847 1619 915 MLGBT'VHAfb]
1681 857 1708 901 1
1739 859 1823 903 δύο
1855 871 1930 901 om
1963 857 2000 902 T
2043 859 2050 914 Ι
2147 859 2267 916 οἷον]
2302 857 2338 901 L
2370 859 2419 905 οἶ
2448 860 2505 904 ὃν

334 927 383 970 in
414 927 507 970 fine
539 926 758 971 versiculi
789 927 1034 972 columnae
1066 928 1085 970 I
1117 928 1320 985 paginae
1353 933 1406 972 62
1438 928 1585 972 habet
1616 930 1664 972 et
1692 930 1741 972 in
1771 929 2007 986 principio
2048 929 2375 985 subsequentis
2403 944 2505 975 ver-

332 999 466 1042 siculi
507 1013 576 1043 ov.
635 997 724 1041 hoc
766 1012 821 1041 ov
864 1012 970 1041 cum
1010 999 1058 1043 οῖ
1097 999 1477 1056 coniungendum
1517 1000 1608 1056 est,
1657 998 1775 1042 illud
1815 1000 1871 1044 ὃν
1912 1001 2072 1044 autem
2111 999 2169 1044 ad
2203 1000 2398 1044 alteram
2430 1015 2504 1046 co-

329 1070 540 1114 lumnam
575 1069 898 1113 referendum:
931 1070 1000 1113 ibi
1035 1070 1159 1113 enim
1194 1069 1244 1113 in
1281 1070 1448 1114 eadem
1478 1070 1606 1115 linea
1635 1071 1754 1126 πρὸς
1788 1071 1813 1114 ὃ
1847 1071 1972 1125 (vide
2009 1071 2067 1115 ad
2088 1086 2119 1127 p
2143 1075 2212 1127 51,
2238 1073 2280 1127 5)
2313 1071 2502 1129 legitur,

331 1142 457 1197 quod
491 1139 822 1198 corrigendum
854 1141 956 1184 erat
984 1139 1033 1183 in
1064 1143 1181 1196 πρὸς
1213 1141 1268 1185 ὃν
1291 1142 1306 1197 ΙΙ
1385 1142 1415 1186 3
1438 1143 1546 1198 post
1576 1143 1787 1198 ςχήματα
1820 1141 1914 1185 add
1944 1144 1994 1187 δὲ
2027 1141 2240 1186 VHAfb
2268 1143 2274 1197 Ι
2358 1156 2504 1198 παρα-

331 1214 590 1257 ςύνθεντον
611 1211 660 1255 Μ
682 1212 697 1268 ΙΙ
762 1211 793 1256 4
812 1212 942 1268 prius
974 1213 1024 1256 δὲ
1056 1225 1133 1255 om
1149 1211 1287 1268 THf,
1320 1212 1522 1256 alterum
1554 1211 1682 1256 HAf
1703 1216 1709 1268 Ι
1770 1213 1970 1257 alterum
2000 1213 2104 1258 οἶον
2130 1226 2205 1256 om
2236 1212 2305 1268 L1,
2336 1213 2431 1257 add
2451 1212 2506 1256 L²

333 1425 731 1480 [DISCREPANTIAE
753 1440 811 1468 ET
835 1441 1120 1469 TESTIMONIA
1145 1441 1383 1470 scHomoR.
1407 1426 1580 1482 (Σσλ)
1604 1439 1910 1469 EROTEMATVM
1929 1427 2014 1482 (E)
2032 1441 2236 1470 AmonvM
2250 1426 2501 1482 sempron]

330 1497 413 1539 stis
443 1496 630 1553 generis
659 1496 806 1540 medii
837 1496 1021 1554 eligunt
1052 1497 1283 1552 exempla.
1344 1495 1497 1552 Apoll.
1521 1496 1642 1550 synt.
1674 1500 1814 1551 2¹02a²
1845 1497 1902 1540 τὸ
1933 1498 2022 1553 γὰρ
2054 1498 2317 1552 ἑλουςάμην
2348 1499 2503 1554 ἐποιη-

331 1569 479 1622 ςάμην
511 1570 587 1611 καὶ
620 1568 882 1622 έτριψάμην
914 1569 1007 1623 ἔχει
1038 1568 1361 1624 ἑκδηλοτάτην
1393 1569 1484 1622 τὴν
1507 1568 1723 1612 ςύνταξιν
1755 1568 1837 1611 ὁτὲ
1867 1568 1953 1622 μὲν
1984 1569 2306 1623 ἑνεργητικήν,
2341 1569 2422 1612 ὁτὲ
2453 1557 2504 1613 δὲ

329 1642 620 1695 παθητικήν,
655 1640 751 1693 εἴγε
781 1640 839 1683 τὸ
872 1640 1041 1694 ἔτριψα
1072 1643 1157 1683 τοῦ
1191 1639 1454 1694 ἐτριψάμην
1486 1639 1695 1694 διαφέρει
1725 1640 1801 1682 καὶ
1831 1639 1889 1683 τὸ
1922 1639 2090 1683 ἔλουςα
2118 1643 2204 1683 τοῦ
2237 1640 2504 1695 ἐλουςάμην

330 1710 458 1763 (haec
488 1710 643 1754 media
667 1711 933 1766 passionem
962 1710 1270 1767 significant),
1305 1711 1581 1766 παράκειται
1611 1710 1662 1754 δὲ
1691 1714 1762 1765 τῷ
1796 1709 1990 1765 εποίηςα
2017 1709 2075 1753 τὸ
2107 1710 2397 1766 ἐποιηςάμην
2428 1711 2504 1755 καὶ

330 1782 398 1824 ἐ’τι
428 1786 499 1837 τῷ
531 1786 717 1838 προῆκα
749 1783 804 1825 τὸ
837 1783 1120 1838 προηκάμην
1153 1782 1280 1837 (haec
1309 1781 1464 1826 media
1494 1793 1589 1825 non
1620 1781 1847 1836 differunt
1877 1780 1935 1824 ab
1964 1781 2173 1838 activis),
2206 1781 2255 1824 et
2283 1785 2401 1836 211„
2431 1794 2505 1825 κε-

328 1854 492 1897 κοπώς
525 1853 585 1909 (Ν
616 1857 688 1908 60)
721 1855 982 1909 πεπληγώς
1013 1853 1067 1908 <B
1099 1854 1200 1907 264)
1232 1857 1504 1909 πεπληγυῖα
1535 1854 1580 1908 (κ
1603 1855 1725 1908 238);
1757 1851 1963 1897 Macrob.
1997 1851 2038 1895 V
2069 1857 2191 1908 62737
2223 1851 2502 1907 (rhematico

329 1923 642 1980 Apolloniano
664 1927 813 1980 usus):
846 1925 1115 1981 ἠλειψάμην
1145 1924 1330 1980 ἡςάμην
1361 1924 1639 1980 ἑλουςάμην.
1698 1924 1807 1968 haec
1838 1923 1958 1967 enim
1988 1923 2093 1967 licet
2122 1928 2208 1978 τῆς
2241 1925 2380 1979 μέςης
2411 1925 2504 1967 δια-

329 1996 503 2039 θέςεως
535 1996 719 2050 dicant,
750 1996 871 2040 ‘nihil
901 2000 1055 2040 tamen
1086 1991 1223 2040 aliud
1251 1995 1645 2052 siqnificaiit-nisi
1675 1996 1848 2040 πάθοςε
1888 2008 1996 2038 ‘nam
2026 1994 2108 2038 hoc
2138 1998 2203 2039 est
2232 1994 2503 2050 ἠλειψάμην

328 2066 450 2122 quod
480 2066 745 2123 ἠλείφθην,
780 2068 861 2111 hoc
899 2071 961 2111 est
1001 2068 1184 2123 ἡςάμην
1214 2066 1337 2123 quod
1367 2068 1536 2121 ἥςθην;
1579 2065 1807 2110 Choerob.
1838 2070 1961 2122 4763:
2007 2066 2071 2110 ῶς
2103 2066 2180 2110 ἐπὶ
2210 2070 2296 2110 τοῦ
2326 2067 2503 2122 τέτηκα

329 2140 404 2181 καὶ
437 2139 618 2182 τέτυπα
642 2172 825 2183 ......
849 2141 926 2183 καὶ
957 2139 1098 2183 πάλιν
1132 2138 1410 2194 ἐγραψάμην
1431 2137 1695 2193 ἑλουςάμην
1718 2170 1864 2185 .....
1889 2139 1948 2181 τὸ
1979 2138 2030 2181 δὲ
2061 2137 2321 2192 ἐλουςάμην
2352 2137 2503 2181 πάθος

328 2210 616 2264 παρίςτηςιν.
677 2210 832 2254 Latini
862 2209 1184 2267 grammatici,
1218 2210 1299 2266 qui
1330 2223 1358 2252 a
1390 2208 1626 2253 communi
1656 2221 1831 2266 genere
1864 2208 2103 2265 deponens
2134 2207 2503 2265 distinguebant,

328 2281 467 2323 simul
506 2294 754 2325 commune
802 2282 1081 2325 arctioribus
1128 2281 1297 2325 finibus
1343 2279 1810 2336 circumscribebant,
1849 2281 1904 2324 ut
1939 2280 2028 2324 hoc
2072 2278 2262 2323 nomine
2305 2292 2361 2323 ea
2397 2279 2501 2323 tan-

328 2353 429 2396 tum
463 2354 610 2397 verba
655 2352 974 2409 appellarent,
1029 2366 1150 2408 quae
1181 2366 1277 2396 una
1308 2352 1569 2409 eademque
1602 2365 1717 2396 voce
1748 2351 1890 2396 modo
1920 2351 2185 2407 passionem
2217 2349 2356 2394 modo
2389 2349 2501 2394 acti-

329 2437 466 2468 onem
506 2424 795 2481 significant:
835 2423 1040 2467 Macrob.
1080 2422 1297 2469 excsBob.
1331 2423 1372 2468 V
1403 2429 1521 2479 65312
1551 2423 1780 2479 (βιάζομαί
1820 2437 1867 2467 ςε
1905 2424 1981 2466 καὶ
2021 2423 2227 2477 βιάζομαι
2266 2422 2360 2466 ὑπὸ
2401 2423 2502 2476 ςοῡ)

334 2509 429 2539 exc.
458 2494 605 2540 Paris.
628 2495 663 2538 V
692 2499 814 2551 62732
844 2493 985 2538 Prisc.
1007 2494 1052 2538 ΙΙ
1073 2500 1189 2551 3742.
1249 2493 1406 2552 graeci
1438 2495 1595 2539 autem
1626 2494 1817 2538 infimae
1850 2493 2020 2538 aetatis
2050 2492 2255 2537 technici
2284 2492 2373 2536 hoc
2402 2491 2504 2536 imi-

326 2567 416 2610 tati
447 2568 568 2610 sunt,
626 2565 765 2609 Mich.
801 2564 1045 2621 Syncellus
1082 2565 1151 2609 fol
1191 2570 1309 2610 1851:
1343 2567 1456 2621 με’ςα
1494 2567 1545 2610 δὲ
1575 2568 1680 2620 ἤτοι
1719 2565 1778 2608 τὰ
1816 2566 1934 2609 ποτὲ
1966 2567 2048 2619 μὲν
2079 2565 2343 2619 ἐνέργειαν,
2385 2564 2504 2608 ποτὲ

329 2639 378 2682 δὲ
410 2638 559 2682 πάθος
591 2639 851 2693 δηλοῦντα·
884 2636 988 2680 οἷον
1022 2637 1230 2691 βιάζομαι
1262 2637 1525 2691 κολάζομαι,
1557 2637 1700 2692 atque
1730 2639 1818 2681 Et:
1851 2637 1990 2680 ποίας
2021 2636 2290 2688 διαθέςεως;
2324 2639 2499 2691 κοινῆς.

328 2708 471 2762 διατί;
505 2709 621 2753 διότι
653 2709 718 2753 εἰς
750 2712 827 2761 ιῖοῖι
868 2709 1016 2763 λῆγον
1047 2708 1165 2752 ποτὲ
1197 2710 1282 2762 μὲν
1313 2709 1551 2763 ἐνέργειαν
1583 2708 1703 2751 ποτὲ
1733 2708 1783 2751 δὲ
1813 2707 1962 2751 πάθος
1993 2709 2149 2763 δηλοῖ,
2181 2706 2287 2751 οἷόν
2319 2707 2413 2750 ἑςτι
2443 2707 2501 2750 τὸ

329 2782 536 2835 βιάζομαι
555 2779 798 2833 κομίζομαι
816 2779 1069 2833 κολάζομαι
1093 2779 1226 2835 (item
1246 2777 1373 2823 Gaza
1396 2778 1462 2823 IV
1478 2794 1509 2835 p
1532 2783 1611 2823 130
1627 2777 1836 2822 Lascaris
1853 2793 1884 2834 p
1905 2782 1956 2821 18
1974 2777 2226 2829 Chalcond.
2248 2792 2279 2834 p
2298 2782 2365 2832 31,
2390 2790 2503 2833 quo-

328 2866 432 2894 rum
457 2851 578 2894 alter
603 2850 746 2894 etiam
769 2851 1029 2895 ἀποθετικὰ
1051 2851 1292 2894 mutuatus
1323 2851 1395 2894 est
1421 2849 1656 2906 alatinis).
1715 2849 1823 2894 vide
1854 2849 2058 2892 indicem
2080 2848 2164 2892 sub
2187 2849 2315 2904 μέςη,
2350 2849 2499 2904 κοινή,

328 2924 583 2977 ἀποθετικὴ
616 2922 813 2966 διάθεςις
835 2922 850 2977 ΙΙ
955 2949 960 2952 »
1057 2921 1084 2965 1
1115 2922 1222 2977 Εἴδη
1255 2922 1305 2965 δὲ
1334 2923 1419 2965 δύο
1451 2922 1552 2977 κτλ]
1584 2920 1800 2977 Apollon.
1834 2921 1892 2965 de
1925 2922 2029 2965 adv.
2062 2925 2179 2975 5977,
2205 2924 2324 2975 18417
2341 2917 2500 2967 Schn,:

328 2994 588 3048 παράγεται
627 2994 711 3047 μὲν
743 2994 770 3046 ἡ
807 2993 974 3048 φωνή,
1018 2993 1074 3036 οὐ
1109 2994 1201 3047 μὴν
1231 2993 1289 3038 τὸ
1329 2993 1672 3048 ςημαινόμενον
1713 2991 2019 3049 (derivatione
2047 3003 2385 3047 nownunquam
2413 3002 2503 3035 voa:

327 3065 628 3118 immutatur,
666 3064 746 3108 sed
775 3076 869 3107 ‘non
897 3063 1010 3118 vis),
1051 3066 1116 3108 ὡς
1157 3063 1238 3107 ἐπ’
1276 3064 1530 3118 ὀνομάτων
1569 3065 1663 3118 ἔχει
1701 3064 1759 3108 τὸ
1792 3062 2074 3118 ἀναγκαίη
2109 3095 2285 3110 ......
2318 3064 2394 3106 καὶ
2425 3062 2502 3106 ἐπὶ

329 3137 556 3190 ῥημάτων
588 3136 858 3190 ἀρδεύειν
890 3135 1179 3191 ἀρχεύειν.
1242 3135 1290 3178 et
1310 3147 1456 3190 usque
1489 3133 1548 3178 ad
1571 3133 1940 3190 Chalcondylam
1971 3134 2156 3189 ἀρδεύω
2188 3134 2244 3177 ut
2271 3131 2504 3190 paragogi

310 3207 598 3266 ‘exemplum
628 3205 966 3262 usurpabatur,
1000 3219 1289 3261 quamquam
1321 3219 1482 3249 ansam
1514 3205 1649 3249 dedit
1677 3205 1915 3248 nonnullis
1946 3205 2006 3249 ad
2034 3203 2314 3260 Dionysium
2344 3217 2500 3260 repre-

330 3277 646 3321 hendendum.
704 3281 889 3333 Σ88631
923 3276 1071 3332 (Hel):
1115 3279 1204 3332 χρὴ
1245 3279 1296 3321 δὲ
1336 3277 1532 3331 εἰδέναι,
1566 3277 1638 3320 ὅτι
1668 3276 1724 3334 οὐ
1756 3278 1945 3331 ψευδῶς
1978 3275 2077 3331 εἴδη
2109 3275 2371 3330 παρέπεται
2401 3279 2502 3320 τοῖς

330 3349 519 3403 ῥήμαςι,
561 3349 719 3393 καθώς
749 3362 874 3392 τινες
905 3349 1058 3401 λέγειν
1089 3348 1401 3404 ἑπειράθηςαν
1440 3348 1725 3402 φάςκοντες·
1758 3351 1887 3391 «τοῖς
1919 3347 2004 3400 μὲν
2034 3347 2257 3400 ὀνόμαςιν
2289 3345 2501 3398 εὐλόγως

332 3420 429 3475 εἴδη
454 3420 714 3474 παρέπεται
735 3420 819 3463 ἅτε
841 3421 897 3474 δὴ
921 3420 1151 3475 διάφορον
1173 3418 1397 3474 ςημαςίαν
1419 3419 1718 3472 ποιουμένοις
1750 3418 1803 3461 ἔν
1833 3431 1885 3461 τε
1909 3417 2215 3474 πρωτοτύπῳ
2248 3418 2324 3461 καὶ
2356 3429 2501 3471 παρα-

330 3491 475 3546 γώγῳ
510 3496 675 3547 φωνῇ,
709 3492 774 3534 ῶς
806 3491 857 3535 ἐν
887 3495 957 3546 τῶ
990 3491 1148 3535 λίθος
1179 3492 1255 3536 καὶ
1287 3490 1507 3534 λίθινος
1539 3490 1758 3543 ὀνόματι·
1800 3493 1898 3533 τοῖς
1930 3489 1980 3532 δὲ
2013 3488 2208 3543 ῥήμαςιν
2241 3487 2296 3532 οὐ
2330 3500 2501 3543 προςη-

331 3563 539 3616 κόντως,
581 3561 676 3614 εἴγε
715 3563 770 3605 ἐν
809 3562 971 3606 αὐτοῖς
1010 3562 1122 3606 κατ’
1159 3562 1300 3606 οὐδὲν
1342 3562 1552 3616 διαφέρει
1588 3561 1646 3603 τὸ
1687 3560 1838 3615 ἄρδω
1880 3562 1966 3603 τοῦ
2001 3559 2280 3614 ἀρδεύω».
2341 3556 2414 3602 οἶς
2443 3557 2500 3602 οὐ

331 3636 417 3688 χρὴ
451 3633 700 3677 πείθεςθαι.
762 3631 829 3675 cfr
861 3631 1085 3676 Choerob.
1117 3636 1416 3688 47625--47719
1468 3633 1483 3687 ΙΙ
2270 3630 2302 3674 4
2332 3632 2500 3684 φρονῶ

332 3705 380 3748 et
410 3706 700 3758 καταφρονῶ
733 3698 783 3746 Σ
815 3707 989 3759 8871214
1022 3702 1146 3758 (Hel)
1178 3707 1420 3758 28871012
1442 3729 1479 3759 24
1521 3701 1704 3759 (Steph)
1741 3701 1804 3746 σΗ
1828 3701 1898 3745 σΚ
1919 3703 1967 3745 Ε
1986 3701 2004 3728 ¹)
2043 3702 2116 3746 Et
2150 3698 2499 3744 Choeroboscus
2586 3707 2588 3709 ’

331 3780 470 3830 4772„
502 3774 570 3818 cfr
599 3773 815 3830 Apollon.
852 3774 971 3828 synt.
1006 3778 1148 3830 27719:
1184 3774 1224 3818 εἰ
1254 3775 1312 3819 τὸ
1345 3776 1511 3829 φρονῶ
1545 3773 1596 3816 ἑν
1627 3772 1833 3816 ςυνθέςει
1863 3772 2048 3825 γένοιτο
2081 3773 2394 3825 καταφρονῶ,
2420 3803 2428 3813 .
2454 3801 2464 3812 .
2489 3804 2500 3815 .

335 3957 614 4013 [LECTIONES
651 3957 864 4013 ARMENH]
925 3955 954 4000 2
990 3958 1118 4012 ἄρδω
1159 3959 1340 4013 ἀρδεύω
1379 3956 1690 4011 inveniebatll
1782 3957 1813 3999 4
1846 3955 2072 4012 simplicis
2103 3952 2370 4011 exemplum
2402 3953 2499 3996 vim

333 4028 479 4071 habet
508 4029 699 4082 sciendi,
731 4027 1029 4085 coynosce‘ndi
1039 4045 1049 4081 3
1081 4027 1197 4071 item
1229 4027 1533 4083 subsequenti
1554 4025 1769 4082 exemplo
1793 4025 2041 4070 Armenius
2071 4024 2259 4070 videtur
2287 4023 2499 4067 imitatus

335 4111 433 4140 esse
472 4104 778 4153 καταφρονῶε
819 4113 929 4142 nam
969 4098 1119 4156 altera
1156 4099 1404 4155 compositi
1443 4096 1697 4142 armeniaci
1735 4110 1844 4153 pars
1886 4097 1931 4140 vi
1969 4095 2161 4150 quidem
2203 4093 2390 4139 diversa
2428 4094 2503 4137 est
