2808 4394
1097 222 1173 285 Δέ
1197 264 1246 272 -
1267 222 1561 287 ΔιΑοέςεις

315 374 359 414 3.
388 371 461 421 40,
497 371 512 409 1
548 367 596 408 et
624 371 664 409 4.
698 372 768 421 41,
796 372 839 411 2.
875 371 944 418 49,
980 372 999 410 1
1031 367 1080 410 et
1110 371 1148 413 3.
1179 371 1249 419 43,
1285 372 1302 409 1

310 439 358 482 et
387 443 427 481 3.
458 441 528 487 44,
560 441 584 479 2
617 438 666 480 et
694 442 722 480 4
752 438 799 482 et
829 443 869 484 6.
900 441 1010 492 †45,
1045 442 1080 482 1.
1109 441 1178 489 46,
1213 441 1235 479 1
1260 437 1308 479 et

310 515 337 553 2
368 510 416 552 66
445 512 486 554 5.
546 511 669 562 49,1
693 507 765 551 bis
794 509 843 552 et
872 513 912 552 2.
971 511 1039 560 50,
1071 511 1092 549 1
1125 508 1174 550 et
1203 511 1228 549 2
1262 508 1310 550 et

310 585 339 624 4
359 580 444 623 bis.
492 583 560 631 51,
591 584 616 622 3
637 577 709 621 bis
740 579 790 622 et
819 582 845 622 5
866 578 953 625 bis.
998 582 1070 632 53,
1101 581 1141 624 6.
1180 581 1250 631 55,
1285 582 1304 620 1

310 650 358 695 66
387 656 413 694 3
445 650 493 693 66
523 655 565 693 5.
607 652 675 699 56,
709 653 748 692 2.
788 653 856 701 57,
892 653 913 691 1
947 649 995 693 66
1024 654 1050 693 3
1081 648 1129 692 et
1158 653 1197 692 5.
1239 652 1305 701 58,

310 722 484 765 3et4.
524 719 1203 775 59,1663666668669.
1238 723 1307 774 60,

311 797 351 836 3.
381 795 449 845 61,
481 796 522 834 4.
557 795 628 844 62,
664 798 683 834 1
718 789 903 834 et4bis
934 792 982 833 66
1001 794 1042 834 5.
1072 794 1139 843 64,
1168 795 1203 835 1.
1237 793 1306 844 65,

314 868 350 905 1.
385 866 453 915 66,
486 867 507 905 1
528 861 613 909 bis.
646 866 714 915 67,
753 866 770 903 1
805 861 854 904 et
883 864 922 907 5.
954 864 1023 912 68,
1046 865 1071 903 2
1094 862 1143 904 et
1165 866 1205 905 3.
1239 864 1307 915 69,

312 938 332 975 1
366 934 415 977 et
444 938 469 976 2
502 933 551 976 66
580 937 606 976 3
636 932 685 975 et
713 936 741 974 4
771 932 819 974 66
839 936 878 975 5.
911 934 980 984 71,
1004 935 1041 976 1.
1074 935 1142 986 72,
1169 936 1205 974 1.
1240 936 1306 984 73,

311 1010 332 1048 1
366 1005 413 1049 66
442 1009 467 1047 2
500 1007 546 1047 66
578 1009 603 1047 3
626 1002 710 1050 bis.
748 1006 816 1055 74,
847 1006 888 1045 3.
930 1005 996 1055 75,
1031 1006 1051 1044 1
1085 1002 1133 1044 66
1162 1007 1201 1046 3.
1240 1006 1307 1055 76,

313 1081 334 1119 1
365 1077 414 1119 66
442 1080 467 1118 2
500 1075 548 1118 66
577 1079 618 1118 4.
651 1077 717 1126 77,
751 1078 786 1116 1.
821 1075 888 1126 78,
922 1077 940 1114 1
974 1073 1023 1115 66
1041 1076 1082 1115 3.
1114 1076 1180 1126 79,
1215 1077 1236 1116 1
1260 1073 1309 1116 66

308 1151 349 1191 9.
379 1150 448 1200 80,
484 1151 504 1189 1
537 1146 584 1188 et
614 1149 638 1188 2
671 1145 719 1187 et
749 1148 788 1187 3.
805 1145 888 1197 181,
921 1147 957 1186 1.
996 1147 1066 1198 82,
1101 1148 1139 1191 1.
1178 1147 1249 1196 83,
1283 1148 1305 1186 1

315 1218 363 1260 et
393 1221 430 1263 2.
461 1221 530 1270 84,
564 1220 586 1258 1
619 1216 668 1259 66
697 1220 723 1259 3
755 1215 804 1258 66
832 1219 860 1257 4
889 1214 940 1258 66
968 1217 1009 1258 5.
1040 1218 1110 1269 85,
1144 1219 1163 1257 1
1199 1215 1305 1259 662.

307 1292 378 1342 86,
412 1292 449 1330 1.
489 1291 559 1340 87,
596 1293 632 1331 1.
681 1289 750 1338 88,
785 1289 805 1328 1
839 1286 887 1330 et
916 1289 956 1327 2.
994 1289 1064 1339 89,
1100 1290 1134 1328 1.
1167 1290 1235 1339 90,
1270 1291 1304 1328 1.

312 1363 379 1411 91,
414 1362 435 1399 1
458 1356 530 1399 bis
562 1358 610 1399 66
638 1361 676 1399 2.
710 1361 780 1408 92,
815 1361 836 1399 1
858 1356 930 1399 bis
960 1359 1008 1400 66
1037 1360 1063 1399 2
1095 1358 1144 1400 66
1163 1362 1202 1401 3.
1235 1361 1303 1410 93,

308 1433 329 1471 1
363 1429 411 1472 et
441 1432 480 1470 2.
526 1431 596 1481 94,
628 1432 668 1470 2.
715 1432 784 1481 95,
822 1432 839 1469 1
873 1428 922 1471 et
950 1431 989 1475 2.
1028 1431 1097 1480 96,
1132 1432 1153 1470 1
1186 1428 1235 1471 et
1264 1433 1303 1474 3.

305 1503 374 1553 97,
407 1503 443 1545 1.
477 1503 569 1551 100,
599 1502 624 1540 2

248 1566 535 1615 δεικτικὸν
573 1570 748 1624 ὄνομα,
786 1581 949 1612 ‘nomen
988 1559 1305 1614 demonstrati-

301 1654 430 1694 vum,
459 1644 673 1685 τοιοῦτος
704 1639 970 1696 appellatur
1000 1640 1051 1684 66
1077 1644 1305 1686 τοςοῦτος

307 1713 356 1755 66
383 1714 662 1767 τηλικοῦτος
689 1715 758 1767 33,
781 1717 820 1757 3.
851 1716 920 1764 40,
945 1717 982 1756 1.
1012 1737 1065 1742 —
1096 1725 1190 1755 non
1220 1725 1304 1755 no-

307 1783 373 1826 vit
411 1782 662 1838 Dionysius
709 1784 954 1826 δεικτικῶν
994 1783 1307 1836 ἀντωνυμιῶν

285 1855 387 1899 ’666
406 1856 650 1898 δεικτικῶν
671 1853 1011 1909 ἐπιρρημάτων
1026 1853 1229 1908 6016166,
1248 1853 1306 1897 de

304 1916 474 1982 ouibus
502 1924 611 1968 vide
642 1924 703 1967 ad
734 1927 802 1978 65,
839 1929 857 1966 1
893 1925 939 1968 66
969 1929 1037 1978 85,
1071 1931 1093 1968 1

248 1999 379 2042 δεῖνα
415 2008 674 2052 pronomen
712 2009 940 2051 nusquam
979 1995 1215 2051 profertur
1245 1995 1304 2040 ab

303 2066 549 2123 Dionysio;
582 2065 823 2122 disput-ant
854 2066 912 2110 de
941 2079 996 2110 eo
1027 2066 1302 2123 Apollonius

303 2139 511 2193 artisque
542 2136 845 2192 interpretes:
879 2137 939 2180 ad
970 2141 1039 2192 65,
1074 2142 1096 2180 1

249 2211 478 2267 δείξεως
506 2212 576 2263 66,
602 2213 621 2251 1
656 2208 714 2252 de
734 2207 1063 2264 pronominum
1083 2221 1301 2265 persona-

302 2281 419 2324 lium
449 2279 496 2324 vi
526 2279 893 2324 demonstrativa

246 2351 706 2407 *δεκαςχημάτιςτον
736 2351 850 2395 ἔπος
887 2350 933 2394 16
977 2350 1166 2394 technes
1195 2364 1302 2406 sup·

300 2423 539 2480 plemento
569 2421 765 2465 metrico
795 2421 906 2465 XIV
935 2426 987 2466 31

245 2493 490 2554 δένδρον
534 2492 797 2548 exemplum
827 2493 1066 2536 nominum
1095 2493 1303 2537 neutrius

303 2565 488 2624 generis
518 2564 567 2607 in
597 2567 628 2607 V
656 2563 967 2607 desinentium
1003 2568 1068 2616 16,
1102 2569 1127 2607 2

247 2636 432 2695 δεξιός
455 2634 720 2692 exemplum
740 2634 941 2678 nominis
969 2636 1087 2691 πρός
1107 2649 1153 2680 τι
1172 2636 1301 2690 ἔχον-

300 2723 383 2754 τος
412 2711 480 2762 35,
512 2712 538 2752 3

248 2779 426 2836 δέπας
448 2777 714 2833 exemplum
733 2778 973 2821 nominum
993 2777 1202 2821 neutrius
1223 2791 1301 2834 ge-

302 2850 426 2895 neris
455 2850 506 2892 in
535 2851 565 2893 ἷ
596 2848 907 2892 desinentium
941 2853 1006 2902 16,
1039 2854 1064 2892 3

243 2924 385 2977 δεῦρο
429 2920 599 2978 legisse
644 2919 864 2962 videntur
910 2918 1032 2981 inter
1081 2918 1304 2963 adverbia

303 2992 542 3036 hortativa
571 2990 821 3034 Armenius
852 2993 901 3034 66
931 2989 1093 3046 Syrus:
1139 2989 1200 3035 ad
1230 2994 1303 3044 82,

304 3069 326 3107 1
359 3064 408 3107 66
435 3061 580 3106 XCVI
614 3066 665 3106 19

245 3131 515 3196 δεύτερος
555 3134 820 3191 exemplum
850 3131 1048 3176 nominis
1079 3131 1301 3176 ordinalis

300 3210 370 3258 44,
393 3210 432 3248 2.
464 3229 518 3236 —
550 3205 804 3260 usurpatur
834 3203 1032 3257 δευτέρα
1063 3206 1131 3257 55,
1159 3207 1196 3245 1.
1230 3206 1298 3256 58,

304 3282 343 3322 3.
378 3281 446 3330 59,
479 3280 530 3333 6.
550 3276 771 3331 δευτέρας
802 3279 869 3329 59,
904 3278 944 3318 6.
1004 3275 1228 3329 δεύτερον
1258 3278 1299 3329 5,

301 3351 341 3391 5.
371 3352 444 3402 21,
476 3351 514 3390 2.
548 3349 618 3400 51,
648 3350 675 3388 4
706 3345 755 3389 et-
784 3350 822 3392 5.
856 3345 1079 3399 δευτέρου
1111 3349 1179 3398 58,
1212 3349 1233 3388 1

245 3419 271 3446 *
289 3418 497 3472 δέχεςθαι
527 3416 743 3460 dicuntur
772 3415 944 3471 singuli
971 3429 1187 3459 versuum
1208 3415 1301 3459 loci

303 3488 455 3532 certos
482 3486 627 3545 pedes
659 3491 756 3541 122,
785 3493 811 3530 2
843 3487 892 3531 66
924 3492 975 3530 10

245 3556 321 3614 δή
365 3557 412 3600 16
444 3570 638 3602 numero
686 3556 1063 3602 coniunctionum
1105 3557 1299 3614 expleti-

305 3641 472 3673 varum
502 3629 575 3671 est
604 3632 673 3682 97,
707 3633 744 3676 1,
777 3634 828 3660 —‘
860 3629 1113 3683 usurpatur
1143 3632 1184 3682 6,
1218 3633 1243 3671 3

246 3695 468 3757 δηλαδή
509 3698 775 3755 exemplum
806 3698 1135 3743 adverbiorum
1166 3697 1299 3742 adfir-

302 3769 460 3813 mandi
490 3773 559 3823 85,
593 3774 611 3811 1

247 3837 438 3897 δηλόω
474 3839 703 3896 siqnifico:
749 3841 935 3895 δηλοῦςι
965 3845 1034 3894 91,
1064 3845 1104 3883 2.
1156 3843 1225 3893 92,
1257 3844 1295 3885 2.

302 3914 506 3967 δηλοῡςα
536 3915 607 3964 22,
637 3913 680 3953 5.
718 3913 786 3964 86,
818 3915 860 3956 4.
910 3912 1130 3966 δηλοῦςαι
1160 3914 1228 3964 69,
1262 3914 1298 3952 1.

302 3983 479 4037 δηλοῦν
508 3986 576 4031 98,
608 3985 648 4024 7.
677 3984 747 4035 34,
777 3984 818 4024 4.
849 3984 918 4031 36,
952 3984 992 4028 5.
1021 3985 1090 4034 44,
1120 3986 1146 4024 9

246 4050 558 4109 δηλωτικός
603 4051 894 4107 significans,
941 4051 1296 4108 siqnisicativus:

2308 247 2405 298 143

1407 368 1644 422 δηλωτική
1676 373 1744 422 63,
1776 374 1815 412 3.
1860 371 2124 426 δηλωτικόν
2154 376 2224 427 38,
2255 375 2294 419 6.
2326 373 2405 424 δη-

1407 438 1585 481 λωτικά
1615 442 1682 491 73,
1712 443 1754 482 3.
1789 444 1855 494 76,
1892 445 1911 483 1

1351 508 1372 530 *
1389 508 1659 563 Δημήτριος
1682 522 1751 552 ex.
1768 509 1908 554 ionici
1925 512 2020 556 ἀπὸ
2037 514 2248 565 μείζονος
2268 517 2363 566 120,
2381 516 2406 556 7

1353 579 1534 635 δῆμος
1593 579 1859 635 exemplum
1924 582 2162 625 nominum
2222 583 2406 627 numeri

1409 648 1657 704 singularis
1688 662 1807 703 quae
1840 650 2057 695 dicuntur
2077 653 2134 697 de
2155 653 2315 697 multis
2335 659 2404 707 31,

1408 723 1448 764 2.
1495 719 1762 775 exemplum
1806 721 2004 766 nominis
2050 727 2402 780 περιληπτικοῦ,

1407 789 1629 834 collectivi
1664 795 1743 846 41,
1784 796 1823 835 1.
1893 793 2007 838 *ex.
2055 794 2254 838 nominis
2299 808 2405 852 pro-

1407 860 1722 916 perispomeni
1770 866 1870 917 110,
1917 868 1958 907 4.
2038 871 2150 912 ‘ex,
2195 865 2406 910 trochaei

1412 935 1506 984 118,
1540 936 1565 974 2
1598 930 1692 987 (L2)

1352 1002 1694 1058 *Δημοςθένης
1725 1016 1796 1047 er.
1829 1003 2007 1061 epitriti
2037 1006 2166 1050 tert-ii
2199 1012 2292 1061 121,
2323 1012 2349 1051 6

1351 1063 1476 1129 «Εἷς
1495 1073 1763 1118 66116166610
1784 1075 2212 1131 patronymicorum
2229 1090 2405 1121 mascu-

1408 1142 1608 1186 linorum
1639 1148 1708 1197 26,
1742 1150 1766 1188 2

1351 1214 1494 1270 δῆτα
1533 1214 1581 1257 in
1618 1228 1812 1259 numero
1843 1218 2219 1262 coniunctionum
2250 1219 2405 1275 exple-

1407 1285 1610 1328 tivarum
1642 1287 1712 1330 est
1741 1291 1810 1340 99,
1848 1293 1868 1331 1

1352 1353 1449 1401 διά
1470 1356 1762 1413 praepositio
1785 1358 2020 1415 bisyllaba
2040 1365 2108 1416 72,
2137 1367 2171 1404 1.
2195 1387 2242 1393 -
2278 1375 2402 1404 usur-

1406 1427 1547 1483 patur
1578 1441 1685 1470 cum
1716 1430 1936 1484 genetivo
1970 1435 2045 1485 17,
2077 1436 2118 1475 5.
2158 1436 2234 1486 54,
2271 1438 2306 1475 1.
2337 1438 2405 1486 55,

1409 1502 1430 1539 1
1464 1499 1512 1542 66
1541 1504 1566 1543 3
1599 1500 1648 1542 66
1678 1505 1716 1543 5.
1748 1503 1822 1555 56,
1853 1505 1892 1545 2.
1923 1507 1991 1556 57,
2026 1507 2047 1545 1
2081 1504 2130 1546 66
2149 1509 2187 1551 3.
2219 1507 2290 1558 58,
2313 1508 2334 1547 1
2359 1504 2408 1547 66

1405 1572 1447 1612 3.
1480 1574 1547 1622 59,
1572 1574 1608 1613 1.
1640 1573 1709 1623 65,
1733 1575 1774 1614 2.
1798 1575 1868 1626 66,
1894 1576 1975 1626 133
2009 1585 2114 1616 cum
2136 1574 2405 1618 accusativo

1405 1644 1445 1693 9,
1475 1645 1502 1684 3
1532 1641 1581 1683 et
1610 1645 1650 1683 6.
1698 1642 1891 1696 *112,5

1351 1710 1742 1764 διαβεβαιωτικός.
1821 1713 1974 1769 Apoll.
2023 1714 2141 1769 synt.
2189 1719 2311 1771 2456:
2361 1718 2406 1761 οἱ

1407 1781 1687 1835 καλούμενοι
1741 1784 2107 1836 διαβεβαιωτικο1
2167 1787 2406 1841 ςύνδεςμοι

1407 1853 1484 1895 καὶ
1529 1852 1596 1896 ἔτι
1632 1852 1936 1907 αἰτιολογικοὶ
1976 1855 2289 1901 ςυντείνουςιν
2324 1858 2405 1902 ἐπὶ

1406 1923 1587 1978 ταύτην
1635 1923 1736 1979 (8611
1783 1927 1873 1980 τὴν
1913 1926 2185 1982 ὁριςτικήν).
2259 1929 2406 1983 ὁριζό·

1409 2008 1541 2046 μενοι
1561 1996 1651 2050 γάρ
1672 2009 1831 2050 φαμεν
1861 1997 2192 2052 «γέγραφα»
2216 2001 2291 2043 καὶ
2312 2001 2406 2044 ἑπι-

1403 2067 1801 2122 διαβεβαιούμενοι
1841 2068 1966 2111 «ὅτι
2002 2068 2299 2124 γέγραφα»
2339 2071 2404 2115 εἰς

1404 2136 1616 2181 ἐπίταςιν
1653 2141 1741 2181 τοῦ
1782 2139 1987 2193 ὁριςμοῦ.
2046 2137 2222 2184 ibidem
2260 2145 2403 2198 31825:

1404 2207 1492 2251 οὐκ
1531 2208 1822 2261 ἀγνοοῦντός
1853 2224 1963 2264 μου,
2007 2210 2080 2254 ὅτι
2113 2213 2188 2255 καὶ
2217 2213 2269 2255 ἑν
2300 2226 2405 2256 ςυν-

1405 2278 1558 2335 δέςμῳ
1597 2284 1668 2335 τῷ
1708 2281 1796 2324 ὅτι
1827 2280 1952 2324 ἑςτὶν
1991 2282 2234 2338 ἐγκειμένη
2268 2283 2405 2339 ἑτέρα

1406 2350 1622 2404 ςημαςία,
1661 2351 1721 2405 ἣν
1758 2355 1963 2405 νοοῦμεν
2001 2354 2403 2409 διαβεβαιωτικῶς.

1404 2421 1463 2464 de
1485 2421 1727 2477 00n1.502,
1748 2421 1800 2469 Β.
1832 2428 1952 2478 935,ὃ
1975 2424 2134 2470 80th
2166 2425 2301 2482 <ἔ>τι
2321 2413 2405 2482 <66

1404 2493 1431 2535 ό
1453 2491 1559 2548 ὅτι)
1590 2493 1839 2547 ςύνδεςμος
1861 2494 2027 2549 ἑτέραν
2048 2495 2146 2549 ἔχει
2165 2496 2403 2552 ςημαςίαν,

1405 2563 1531 2615 λέγω
1563 2564 1614 2607 δέ
1643 2565 2176 2623 ςδιαβεβαι>ωτ<ικήν>
2227 2567 2287 2610 ab
2309 2566 2402 2612 Η6-

1404 2632 1600 2677 rodiano
1630 2633 1678 2677 in
1707 2635 1940 2690 prosodiis
1970 2635 2223 2681 Homerica
2252 2638 2301 2682 et
2330 2651 2402 2682 66-

1403 2703 1578 2748 tholica
1607 2705 1636 2759 ἦ
1661 2705 1927 2761 appellatus
1949 2708 2020 2750 est
2040 2708 2288 2763 ςύνδεςμος
2308 2711 2401 2753 δια-

1404 2776 1710 2829 βεβαιωτικὸς
1740 2777 1818 2821 vel
1849 2779 2152 2831 βεβαιωτικός
2174 2779 2322 2834 (velut
2341 2780 2402 2824 ad

1402 2844 1561 2889 Iliadis
1590 2847 1632 2890 A
1662 2852 1757 2894 232.
1809 2847 1846 2892 O
1879 2853 1983 2903 288,
2015 2849 2142 2905 apud
2171 2849 2236 2894 Io.
2268 2850 2399 2895 Alex.

1401 2921 1490 2972 421¹
1526 2918 1591 2974 η),
1622 2918 1735 2962 item
1766 2918 1824 2962 ab
1848 2919 2170 2964 Choerobosco
2190 2922 2265 2977 (Σ
2280 2923 2400 2976 9642)

1402 2986 1618 3045 aliisque.
1701 2989 1922 3045 Dionysio
1960 2989 2078 3034 haec
2114 2991 2399 3037 coniunctio-

1402 3072 1515 3102 num
1554 3059 1712 3104 classis
1747 3060 1947 3116 ignota„
1981 3059 2087 3106 vide
2118 3062 2179 3106 ad
2208 3067 2278 3119 87,
2313 3068 2400 3106 1—

1400 3132 1470 3185 88,
1503 3134 1529 3172 9
1562 3131 1608 3186 (p
1639 3133 1712 3186 88)

1345 3200 1723 3256 διαζευκτικοὶ
1776 3204 2016 3258 ςύνδεςμοι
2060 3203 2401 3250 coniunctiones

1400 3269 1710 3317 disiunctivae
1738 3277 1809 3327 87,
1841 3278 1880 3317 1.
1913 3279 1984 3328 90,
2018 3280 2038 3317 1

1344 3341 1639 3401 διαθέσεις
1669 3343 1932 3399 affectiones
1961 3345 2016 3389 D.
2058 3347 2398 3403 nominatyer-

1402 3413 1569 3457 borum
1606 3427 1800 3470 genera,
1841 3416 2045 3460 activum
2085 3418 2134 3461 et
2162 3418 2397 3474 passivum

1404 3484 1453 3529 et
1482 3485 1702 3543 medium,
1735 3491 1806 3541 47,
1840 3491 1878 3530 1.
1910 3491 1979 3542 48,
2005 3493 2047 3541 1;
2079 3488 2222 3543 atque
2254 3488 2396 3532 etiam

1403 3555 1667 3601 nominibus
1726 3557 1948 3602 adscribit
1996 3559 2217 3604 διαθέςεις
2267 3559 2396 3613 duas,

1400 3626 1631 3671 actionem
1655 3633 1702 3671 66
1728 3628 1992 3684 passionem
2020 3634 2088 3680 46,
2115 3636 2152 3674 1.
2204 3633 2270 3675 Eg
2300 3631 2395 3674 διά·

1400 3699 1523 3742 θεςιν
1566 3698 1635 3742 ita
1678 3698 1926 3744 definiunt:
1973 3701 2002 3753 ἡ
2049 3703 2135 3744 τοῦ
2182 3701 2396 3754 ςώματος

1401 3769 1654 3822 μετάθεςις.
1685 3770 1855 3815 ἄλλως.
1907 3773 2059 3826 δρᾶςις
2090 3772 2118 3824 ἢ
2151 3775 2311 3824 πεῑςις,
2344 3772 2395 3815 ἐν

1399 3838 1472 3883 αἷς
1503 3841 1757 3886 διατίθεται
1788 3844 1864 3886 καὶ
1896 3842 2193 3886 κατατίθεται
2215 3842 2243 3895 ἡ
2267 3844 2393 3897 ψυχὴ

1400 3909 1465 3953 ὡς
1503 3910 1755 3966 ἐνεργοῠςά
1791 3926 1836 3956 τι
1866 3914 1894 3966 ἢ
1926 3913 2176 3968 πάςχουςα.
2238 3910 2395 3955 Latini

1397 3979 1601 4025 technici
1643 3982 2035 4039 siqnificationum
2071 3982 2145 4027 vel
2181 3995 2395 4039 ymerum

1398 4051 1662 4097 nominibus
1699 4054 1894 4097 utuntur
1933 4053 2147 4109 (alteram
2186 4054 2393 4110 appella·
