2808 4394
405 725 434 770 Οἳ

475 244 537 294 19
1150 246 1173 295 ξ
1206 246 1230 285 6
1264 244 1325 298 (τ)
1384 241 1473 285 Ex
1512 240 1658 289 REO.
1698 241 1966 286 PRIORE

467 375 525 425 δὲ
564 373 786 434 λέγεται,
828 370 910 424 ὅτι
948 371 1083 436 παρ’
1131 371 1260 425 ὅςον
1298 371 1461 438 ἦττον
1508 375 1619 426 τῶν
1665 373 2005 438 φωνηέντων
2057 374 2280 440 εὔφωνα
2316 376 2630 439 καθέςτηκεν
2653 389 2800 429 pesslb

466 458 525 510 ἔν
563 475 621 509 τε
658 460 777 518 τοῖς,
819 459 1043 521 μυγμοῖς
1094 457 1178 509 καὶ
1226 460 1440 523 ςιγμοῖς.
1514 459 1742 524 ’Άφωνα
1779 459 1838 511 δέ
1878 459 2016 512 ἐςτιν
2054 458 2235 512 ἐννέα·
2296 466 2324 527 β
2375 480 2414 524 γ.
2453 466 2483 513 δ
2526 481 2556 515 κ
2590 481 2630 515 π

465 562 494 595 τ
539 549 568 594 θ
618 561 659 607 φ
712 559 759 607 χ.
835 540 1032 606 ἄφωνα
1070 543 1128 595 δὲ
1166 543 1394 611 λέγεται,
1434 541 1515 596 ὅτι
1554 546 1759 608 μᾶλλον
1798 548 1909 596 τῶν
1945 543 2129 597 ἄλλων
2157 545 2291 599 ἑςτὶν
2318 546 2695 614 κακόφωνα,εο
2736 537 2745 540 ⁴

466 629 642 692 ὥςπερ
681 627 909 692 ἄφωνον
950 627 1176 692 λέγομεν
1214 630 1310 682 τὸν
1348 629 1630 697 τραγῳδὸν
1667 629 1764 682 τὸν
1801 629 2146 695 κακόφωνον.

607 713 830 766 Τούτων
870 714 1002 778 ψιλὰ
1041 714 1135 779 μέν
1174 713 1279 767 ἐςτι
1315 715 1449 781 τρία,
1487 733 1517 767 κ
1555 733 1594 767 π
1631 734 1675 778 τ,
1716 714 1877 766 δαςέα
1914 714 2045 779 τρία,
2085 720 2115 767 θ
2167 734 2209 782 φ
2261 733 2320 782 χ,
2383 717 2511 782 μέςα
2571 718 2631 770 δὲ

464 882 830 938 [DiscREPANTm
863 898 1146 933 scmprvnffl
1179 899 1228 927 m
1259 882 1638 942 LGBVHAfb]
1718 884 1744 928 1
1776 885 1848 928 ὅτι
1877 883 2065 940 punctis
2094 883 2280 927 notatB
2307 889 2314 940 Ι
2394 887 2514 941 τῶν]
2543 887 2633 930 τὸν

462 953 538 1006 L1,
572 967 689 997 corr.
720 952 784 995 L2
805 954 820 1010 ΙΙ
841 953 870 997 2
901 958 1094 1008 μυγμοῖς
1125 954 1202 1009 L¹‚
1237 956 1270 998 N
1305 969 1446 1011 supra
1477 971 1508 1009 μ
1538 955 1615 1010 L²‚
1648 960 1842 1009 νυγμοῖς
1874 953 1985 1009 GB,
2025 954 2108 998 sed
2137 953 2174 996 B
2207 969 2350 1011 supra
2384 970 2411 999 ν
2442 955 2536 999 add
2557 971 2589 1010 μ
2623 957 2628 1013 l

464 1025 572 1068 ἐνέα
603 1024 637 1067 L
661 1026 676 1080 ΙΙ
706 1025 737 1069 3
779 1029 805 1068 θ
836 1026 943 1081 post
970 1028 994 1069 ὃ
1025 1025 1251 1069 traiciunt
1277 1025 1482 1069 VHAfb
1516 1028 1520 1082 ξ
1545 1027 1688 1082 ἑςτὶν]
1714 1041 1742 1070 ν
1763 1040 1839 1069 om
1862 1039 2023 1070 omnes
2043 1026 2233 1084 praeter
2253 1025 2288 1068 L
2314 1027 2321 1081 1
2349 1027 2628 1089 καιεόφωνα]

462 1097 578 1139 κακό
600 1110 770 1150 φωνον
799 1095 857 1138 L·
892 1097 940 1140 et
961 1111 1037 1140 om
1059 1099 1216 1152 ὥςπερ
1238 1120 1291 1126 -
1313 1099 1603 1152 κακόφωνον
1624 1100 1702 1153 (4),
1734 1097 1797 1140 L¹
1827 1097 1975 1142 restit.
1998 1099 2261 1153 κακόφωνα
2282 1099 2331 1142 et
2349 1097 2443 1141 add
2464 1097 2633 1142 omissa

460 1166 508 1209 in
538 1154 620 1225 m}
641 1169 656 1224 ΙΙ
716 1167 747 1211 4
776 1167 906 1223 prius
935 1169 1021 1212 τὸν
1053 1181 1128 1212 om
1159 1181 1320 1224 omnes
1349 1170 1539 1226 praeter
1558 1168 1593 1212 L
1622 1169 1641 1226 {l
1708 1169 1738 1214 5
1772 1169 1865 1213 ἐςτι
1897 1182 1973 1212 om
1995 1168 2155 1213 HAfb
2190 1172 2198 1226 Ι
2231 1169 2338 1226 post
2367 1169 2507 1214 δαςέα
2537 1168 2631 1213 add

462 1240 512 1283 δὲ
543 1237 756 1282 VHAfb

462 1367 858 1423 [D1scREPAN'r1AE
891 1384 949 1410 m·
971 1382 1253 1410 TESTIMONIA
1275 1383 1515 1412 scnomon.
1537 1369 1610 1425 (Σ
1624 1370 1675 1424 λ)
1706 1384 2012 1412 EROTEMATVM
2038 1371 2120 1423 (E)
2154 1383 2357 1413 Amonvu
2381 1371 2632 1427 sempron]

459 1437 578 1482 1-2
605 1440 678 1481 ὅτι
703 1464 752 1469 —
775 1443 949 1492 ςιγμοῖς
978 1451 1072 1481 non
1093 1437 1271 1482 habent
1294 1441 1363 1483 Ev
1387 1439 1462 1484 Eh
1488 1443 1570 1494 Εῑ,
1600 1441 1672 1483 ὅτι
1702 1440 1750 1484 et
1778 1441 1830 1484 έν
1850 1465 1902 1470 -
1927 1445 2101 1494 ςιγμοῖς
2132 1452 2208 1482 om
2244 1442 2331 1484 Eg.
2373 1441 2445 1484 ὅτι
2467 1440 2632 1483 confir-

458 1510 591 1553 mant
611 1511 675 1554 Σ1
699 1511 806 1554 ante
828 1514 949 1564 806,4
980 1511 1029 1553 et
1057 1509 1346 1565 subsequens
1367 1510 1575 1554 scholion
1598 1511 1744 1566 (Mel),
1775 1511 1858 1554 ubi
1881 1513 1954 1555 ὅτι
1975 1535 2030 1541 -
2051 1513 2337 1566 καθέςτηκεν
2354 1510 2633 1566 explanatur

459 1583 531 1625 ὅτι
568 1583 678 1627 ὅςον
716 1582 949 1626 ἐλάττονά
980 1581 1062 1625 εἰςι
1092 1585 1193 1625 τῶν
1225 1583 1547 1638 φωνηέντων,
1580 1583 1628 1626 et
1659 1586 1706 1626 Σ
1724 1587 1832 1639 806<J
1853 1580 2060 1638 (Steph)‚
2090 1581 2173 1638 qui
2203 1583 2321 1637 παρ’
2351 1582 2462 1626 ὅςον
2489 1582 2632 1626 inter-

457 1654 673 1709 pretatur
709 1655 838 1708 παρ’
868 1653 1044 1708 ὀλίγον.
1082 1655 1149 1707 (Σ
1169 1651 1340 1696 Goettl.
1367 1657 1478 1710 163„
1513 1655 1594 1708 qui
1623 1653 1914 1710 Stephanum
1948 1653 2215 1710 descripsit,
2251 1653 2394 1697 etiam
2424 1655 2466 1697 δι
2495 1665 2631 1709 prae·

458 1724 608 1767 mittit
637 1726 710 1768 ὅτι
739 1724 955 1780 voculae)
979 1726 994 1780 ΙΙ
1149 1725 1178 1768 2
1212 1730 1406 1778 μυγμοῖς
1437 1726 1513 1770 καὶ
1545 1729 1719 1779 ςιγμοῑς
1748 1724 2089 1780 interpretatur
2110 1728 2273 1779 2807,
2305 1723 2502 1767 addens:
2535 1724 2632 1768 ἀπὸ

460 1796 626 1850 μέρους
657 1797 706 1840 δὲ
736 1798 792 1840 τό
826 1800 921 1840 πᾶν
943 1797 1203 1852 ἑδήλωςεν·
1239 1796 1358 1840 ἀλλὰ
1389 1798 1464 1839 καὶ
1495 1797 1722 1852 ῥάζουςιν,
1747 1797 1812 1839 ὡς
1834 1798 1891 1839 τὸ
1911 1799 1943 1851 β
1973 1797 2207 1850 (ῥαζοῦςιν
2227 1793 2345 1849 UH3
2375 1793 2631 1852 legendum

457 1868 701 1922 ῥοιζοῦςιν,
734 1881 1021 1923 quamquam
1060 1868 1195 1923 ῥάζωἱ
1227 1879 1413 1923 quoque
1445 1879 1611 1910 sonum
1641 1867 1892 1924 significat)
1938 1870 2013 1911 καὶ
2046 1867 2289 1922 ςυριςμοὺς
2320 1857 2649 1910 ἀποτελοῡςιν

458 1937 542 1993 (sic
573 1937 680 1993 Ub‚
714 1938 757 1980 H
787 1938 905 1982 falso
938 1940 1137 1993 ςιγμοὺς.
1170 1937 1366 1982 forsitan
1397 1939 1674 1994 ςυριγμοὺς),
1708 1940 1774 1984 ὡς
1804 1940 1862 1983 τὸ
1902 1929 1932 1983 ἶ
1968 1929 1995 1985 Ξ
2032 1929 2092 1994 ᾟ·
2151 1936 2322 1981 deinde
2372 1936 2632 1981 interiectis

459 2011 534 2052 καὶ
566 2010 722 2053 ἄλλως
754 2009 913 2054 verbis
941 2010 1221 2066 sequuntur:
1255 2011 1433 2064 μυγμὸς
1465 2010 1652 2063 λέγεται
1683 2010 1708 2052 6
1739 2014 1825 2054 τοῦ
1857 2015 1888 2064 ᾗ
1920 2011 2048 2065 ἦχος,
2080 2010 2183 2054 οἷον
2215 2007 2482 2063 ςυμμένειν·
2524 2008 2552 2052 6
2581 2008 2633 2051 δὲ

457 2084 543 2123 τοῦ
579 2086 610 2126 V
639 2083 826 2135 νυγμός,
859 2081 963 2125 οἷον
995 2082 1258 2125 ςυννεύειν·
1293 2083 1318 2125 6
1350 2082 1401 2125 δὲ
1432 2086 1517 2124 τοῦ
1557 2070 1582 2125 ζ
1622 2070 1647 2126 Ξ
1683 2072 1728 2135 ιῙ
1783 2083 1859 2125 καὶ
1889 2087 1918 2127 ἶ
1957 2083 2140 2135 ςιγμός,
2192 2080 2297 2124 οἷον
2334 2079 2501 2133 ςυρίζω
2540 2079 2630 2124 ξέω

457 2157 669 2209 ψηλαφῶ
703 2152 831 2197 ςείω·
867 2154 892 2196 ὁ
924 2153 974 2196 δὲ
1002 2156 1088 2196 τοῦ
1117 2154 1146 2207 ρ
1167 2154 1335 2207 ῥοῖζος,
1368 2151 1472 2196 οἷον
1495 2153 1762 2207 ςυρράπτω.
1801 2152 1855 2195 In
1888 2153 1929 2195 H
1959 2151 2232 2195 tribuuntur
2254 2149 2493 2206 Stephano
2514 2149 2631 2194 haec

457 2225 718 2281 posteriora
748 2223 913 2278 verba,
960 2222 1009 2266 in
1040 2223 1081 2266 U
1112 2235 1226 2267 vero
1259 2236 1336 2277 ea,
1385 2226 1505 2278 quae
1547 2223 1656 2266 ante
1699 2225 1773 2267 καὶ
1814 2224 1971 2268 ἄλλως
2008 2222 2252 2279 leguntur3
2301 2220 2633 2277 neque-habet

457 2295 546 2339 nisi
576 2294 907 2340 antecedentia
950 2294 1096 2338 verba
1126 2293 1189 2350 is,
1237 2294 1318 2350 qui
1348 2294 1425 2339 hic
1458 2293 1831 2351 Stephanianum
1862 2293 2251 2338 commentarium
2283 2291 2539 2348 exscripsit,
2585 2295 2637 2336 Σ

459 2366 622 2411 Goettl
648 2372 782 2422 171-5.
842 2365 966 2422 Ergo
999 2364 1265 2422 Stephanus
1307 2366 1501 2423 legebat
1536 2366 1655 2410 nihil
1685 2366 1774 2409 nisi
1805 2370 2002 2421 μυγμοῖς
2031 2366 2108 2408 καὶ
2139 2369 2313 2417 ςιγμοῑς
2354 2364 2402 2407 et
2429 2362 2633 2420 putabat

456 2439 528 2481 his
560 2437 799 2482 vocabulis
837 2438 1067 2493 tanquam
1107 2438 1334 2494 exemplis
1374 2451 1536 2482 omnes
1573 2439 1761 2493 ψόφους
1795 2436 2030 2489 denotari3
2077 2435 2196 2479 alius
2233 2447 2344 2479 vero
2383 2432 2633 2478 scholiasta

457 2509 645 2553 videtur
673 2509 909 2553 invenisse
941 2509 1165 2564 quattuor
1195 2523 1353 2552 voces:
1387 2511 1570 2564 μυγμόν
1601 2510 1782 2563 νυγμόν
1812 2509 1974 2562 ςιγμόν
2004 2509 2185 2563 ῥοῖζον,
2234 2519 2434 2562 quarum
2463 2503 2634 2548 ultima

456 2580 589 2623 iuxta
619 2581 782 2634 ςιγμὸν
814 2581 862 2623 et
893 2581 1076 2634 μυγμὸν
1114 2580 1289 2637 legitur
1308 2580 1464 2624 -etiam
1493 2580 1542 2622 in
1565 2579 1701 2626 Dion.
1724 2580 1874 2623 Halic.
1917 2580 1975 2623 de
2024 2591 2227 2633 compos.
2266 2576 2398 2622 verb.
2437 2590 2468 2632 p
2501 2579 2553 2619 ‘12
2575 2574 2631 2622 R.
2668 2608 2672 2611 -

460 2656 540 2694 156
558 2650 659 2698 Sch.
694 2652 742 2694 et
757 2651 804 2693 in
828 2649 953 2695 Sext.
974 2650 1023 2694 Ε.
1045 2655 1185 2707 62129.
1219 2650 1287 2695 cfr
1307 2652 1454 2707 praef.
1479 2675 1530 2683 --
1553 2650 1866 2708 Melampodis
1887 2655 1937 2695 Σ
1950 2654 2032 2694 806
2045 2676 2077 2704 ,ς
2098 2648 2167 2692 ita
2186 2647 2362 2705 legitur
2381 2647 2430 2690 in
2450 2646 2517 2692 U:
2538 2659 2566 2692 «
2577 2645 2632 2689 ἐν

457 2735 511 2766 τε
540 2727 640 2766 τοῖς
680 2726 883 2777 ςτιγμοῖς
924 2724 1150 2776 (ςτιγμαῑς
1178 2722 1229 2778 b)
1270 2725 1346 2767 καὶ
1387 2728 1560 2777 ςιγμοῖς
1600 2724 1760 2779 (supra
1790 2737 1829 2767 ςι
1865 2722 1915 2764 in
1946 2720 1989 2764 H
2021 2720 2235 2764 additum
2264 2721 2400 2775 vu)».
2469 2719 2520 2763 ἐν
2557 2723 2630 2776 τῷ

459 2794 612 2837 θέλειν
643 2795 765 2848 ἡμᾶς
798 2794 1036 2847 ἐκφωνεῑν
1067 2794 1180 2838 ἄνευ
1218 2798 1319 2838 τῶν
1350 2796 1653 2850 φωνηέντων
1693 2795 1805 2838 κατ’
1843 2793 1964 2838 ἰδίαν
1994 2795 2147 2836 ταῦτα
2178 2789 2318 2847 (adde
2348 2790 2426 2847 τὰ)
2443 2793 2627 2846 ,προλε-

458 2864 629 2919 χθέντα
660 2865 787 2908 ὀκτὼ
819 2864 1066 2920 ἡμίφωνα,
1106 2865 1294 2909 τελείαν
1325 2866 1411 2919 μὲν
1441 2867 1616 2920 φωνὴν
1647 2865 1702 2909 οὐ
1735 2865 1971 2920 δυνάμεθα
2002 2864 2212 2919 ἀφιέναι,
2247 2863 2430 2917 μυγμὸν
2461 2860 2523 2918 (Η
2554 2875 2631 2905 νυ-

459 2937 596 2989 γμὸν)
627 2936 676 2979 δέ
706 2950 812 2980 τινα
843 2938 871 2991 ἢ
905 2937 1140 2991 ςυριγμόν,
1175 2938 1293 2991 ὅπερ
1325 2937 1450 2980 ἑςτὶν
1482 2938 1599 2992 ἀρχὴ
1633 2940 1815 2992 φωνῆς,
1849 2937 2162 2989 ἐκβάλλομεν,
2210 2934 2265 2977 ut
2308 2932 2526 2978 videatur
2553 2931 2631 2975 hic

459 3019 645 3062 quoque
677 3007 932 3051 scholiasta
973 3008 1023 3051 in
1055 3008 1155 3051 arte
1187 3013 1383 3062 μυγμοῖς
1426 3010 1502 3052 καὶ
1533 3013 1707 3062 ςιγμοῖς
1737 3007 1992 3052 invenisse:
2042 3019 2152 3050 nam
2192 3007 2412 3060 ςυριγμοῠ
2442 3015 2630 3057 nomen,

458 3077 585 3132 quod
614 3078 663 3120 in
695 3078 1008 3135 explicatione
1040 3079 1202 3134 habet,
1233 3079 1500 3136 putaverim
1530 3079 2008 3137 interpretamentum
2040 3091 2137 3121 esse
2171 3076 2257 3133 (cfr
2288 3075 2349 3119 ad
2377 3073 2517 3118 huius
2546 3086 2628 3117 no-

458 3148 594 3191 minis
632 3164 768 3192 usum
799 3149 854 3193 D.
875 3149 933 3193 H.
979 3149 1037 3194 de
1077 3163 1280 3205 compos,
1311 3151 1440 3195 verb.
1478 3166 1509 3207 p
1541 3157 1611 3196 80.
1632 3156 1701 3195 82.
1727 3155 1779 3194 79
1802 3150 1854 3193 R.
1887 3165 1918 3206 p
1954 3154 2049 3193 170.
2084 3153 2180 3195 172.
2213 3151 2294 3190 168
2315 3145 2419 3190 Sch.
2453 3145 2503 3188 et
2528 3144 2628 3187 Ari-

458 3219 562 3263 stid.
606 3221 920 3274 Quintilianus
961 3221 1004 3264 Π
1044 3237 1075 3278 p
1107 3226 1161 3265 89
1182 3221 1359 3274 Meib.).
1401 3248 1451 3253 —
1490 3221 1672 3266 Psellus
1712 3226 1959 3266 255—259:
2011 3221 2164 3276 Βραχὺ
2208 3219 2297 3273 γὰρ
2343 3217 2628 3261 ἀπολέλοιπε

458 3292 649 3334 τούτων
679 3296 765 3346 τῆς
797 3293 1039 3347 εὐφωνίας
1071 3292 1177 3349 (scil
1205 3296 1307 3336 τῶν
1339 3293 1675 3348 φωνηέντων).
1728 3293 1811 3336 Καὶ
1839 3294 1985 3347 δῆλον
2014 3292 2064 3336 ἑκ
2093 3294 2179 3334 τοῦ
2211 3290 2499 3344 ςυριγμόν,
2532 3307 2629 3348 μυ-

457 3363 603 3415 γμὸν
635 3364 710 3405 καὶ
742 3364 937 3416 ῥοῖζον
969 3365 1109 3418 ἔχειν·
1141 3365 1209 3408 Τὸ
1244 3366 1328 3418 μὲν
1358 3365 1447 3420 γὰρ
1478 3367 1595 3419 ζῆτα
1625 3365 1701 3408 καὶ
1731 3365 1788 3407 τὸ
1821 3366 1875 3417 Ξῖ,
1904 3366 1962 3408 τὸ
1994 3369 2048 3419 ψῑ
2078 3376 2131 3407 τε
2164 3363 2240 3405 καὶ
2268 3361 2326 3404 τὸ
2357 3361 2492 3417 ςίγμα
2529 3365 2629 3409 Τὸν

459 3434 680 3488 ςυριγμὸν
714 3434 1001 3488 ἐργάζονται,
1034 3435 1091 3478 τὸ
1124 3438 1247 3491 βῆμα
1280 3434 1540 3492 (flagitatur
1570 3436 1626 3479 τὸ
1658 3436 1728 3490 ῥῶ
1751 3437 1819 3490 δὲ)
1853 3436 2001 3488 μόνον
2021 3436 2202 3490 ῥοῖζον·
2237 3433 2450 3488 Μυγμοῑς
2471 3435 2522 3479 δὲ
2542 3435 2628 3481 πά-

459 3507 534 3548 λιν
563 3504 743 3558 γίνεται
774 3505 831 3547 τὸ
865 3509 924 3558 μῦ
957 3520 1010 3549 τε
1043 3509 1117 3550 καὶ
1148 3510 1220 3558 νῦ,
1253 3507 1366 3550 ἄναξ
1389 3507 1405 3563 ΙΙ
1569 3507 1598 3551 5
1629 3504 2036 3562 280923(Steph):
2069 3505 2217 3558 <<μέςα
2238 3504 2289 3548 δὲ
2310 3506 2502 3550 τούτων
2522 3507 2628 3562 τρία

460 3575 543 3631 (sic
573 3575 668 3629 Ub‚
716 3579 869 3619 ταῦτα
898 3578 958 3620 τὰ
989 3576 1096 3631 τρία
1126 3577 1238 3633 H)».
1300 3579 1413 3632 μέςα
1458 3578 1508 3622 δὲ
1547 3578 1668 3621 αὐτὰ
1708 3577 1890 3632 εἴρηται
1928 3577 2047 3631 πρὸς
2089 3576 2333 3630 ςύγκριςιν.
2391 3576 2541 3621 τίνων
2578 3579 2629 3623 δὲ

461 3648 573 3700 με’ςα
604 3646 723 3700 ἑςτίς
765 3649 911 3700 δῆλον
951 3649 1024 3692 ὅτι
1055 3653 1156 3692 τῶν
1187 3651 1560 3705 προειρημένων.
1625 3649 1782 3704 ὥςπερ
1820 3648 1871 3691 δὲ
1901 3649 2007 3702 περὶ
2038 3651 2140 3690 τῶν
2171 3653 2504 3702 προτακτικῶν
2534 3650 2627 3693 δια-

462 3774 746 3832 [Lucriouns
778 3777 990 3832 Annsmx]
1050 3776 1076 3820 1
1109 3779 1181 3820 ὅτι
1212 3779 1329 3833 παρ’
1360 3778 1470 3821 ὅςον
1500 3775 1727 3835 expressit
1755 3777 1771 3833 ΙΙ
1848 3775 1876 3818 2
1907 3779 2102 3829 μυγμοῖς
2134 3777 2208 3819 καὶ
2239 3778 2431 3832 ςιγμοῖς]
2462 3778 2626 3821 Arme-

460 3846 643 3889 niorum
675 3846 1009 3890 vocabulorum
1039 3847 1168 3903 prius
1190 3847 1484 3903 (mrmounts')
1525 3846 1759 3904 significat
1789 3847 2220 3902 murmurationem,
2253 3847 2455 3891 alterum
2481 3845 2624 3904 (s'ric‘)
2674 3859 2676 3862 ·
2714 3887 2716 3890 .

462 3917 662 3973 syringis
683 3931 868 3971 sonum3
902 3929 1014 3974 ergo
1045 3917 1277 3974 interpres
1314 3910 1547 3963 convertit
1575 3923 1769 3974 μυγμοῖς
1806 3919 1882 3962 καὶ
1913 3923 2160 3972 ςυριγμοῖς,
2192 3931 2390 3974 quorum
2426 3918 2627 3962 alterum

460 3987 657 4031 forsitan
689 4001 745 4031 ex
776 3987 1054 4032 scholiastae
1086 3988 1433 4045 explanatione,
1464 4003 1558 4034 non
1590 4002 1646 4033 ex
1676 3989 1776 4032 arte
1808 3988 2061 4044 sumpserit
2081 3989 2096 4045 ΙΙ
2174 3988 2206 4034 4
2235 3990 2391 4045 ὥςπερ
2415 4013 2467 4020 -
2487 3989 2626 4034 κακό-

462 4071 642 4112 φωνον,
675 4072 793 4115 quae
826 4058 983 4118 spuria
1011 4059 1308 4114 videbantur,
1340 4061 1545 4104 testatur
