2808 4394
391 286 460 338 62
1048 286 1072 335 ἓ
1107 290 1158 328 16
1191 286 1287 342 (20)
1318 286 1408 330 ΕΧ
1439 286 1586 332 REO.
1618 286 1885 334 PRIORE

530 414 835 477 Παρέπεται
873 415 932 465 δὲ
970 413 1114 483 αὐτῷ
1149 415 1292 480 τρία*
1331 415 1488 482 γένη,
1529 416 1766 483 ἀριθμοί,
1807 418 2045 471 πτώςεις.

534 498 659 562 Γένη
699 499 793 562 μὲν
834 497 1066 567 οὗνιείςι
1103 500 1241 564 τρία·
1281 500 1311 552 ὁ
1351 502 1661 565 ποιητής,
1701 502 1733 566 ἡ
1773 502 2053 567 ποίηςις,
2091 504 2161 556 τὸ
2201 504 2464 570 ποίημα.

532 583 766 647 Ἀριθμοὶ
803 585 968 648 τρεῖς·
1007 582 1045 652 ἦ·
1084 583 1283 653 ἑνικός,
1325 586 1531 654 δυῖκός,
1570 586 1944 651 πληθυντικός·
1986 587 2160 640 ἑνικὸς
2197 590 2292 652 μὲν
2333 589 2363 641 ὁ
2401 589 2433 654 ἡ
2472 589 2554 655 τό,

389 668 568 719 δυϊκὸς
609 669 667 720 δὲ
704 669 787 720 τώ
825 668 899 721 τά
937 666 988 736 5⁴,
1029 671 1381 733 πληθυντικὸς
1421 671 1479 722 δὲ
1519 670 1581 722 οἱ
1619 670 1682 722 αἱ
1718 672 1804 724 τά.

529 753 766 806 Πτώςεις
805 754 864 806 δὲ
903 753 934 805 ὁ
971 757 1086 806 τοῦ
1124 759 1208 823 τῷ
1247 755 1359 808 τόν
1400 753 1464 818 ὦ,
1505 753 1542 823 ἦ·
1579 755 1609 819 ἡ
1650 759 1761 820 τῆς
1799 761 1871 825 τῇ
1910 757 2026 821 τήν
2068 756 2128 808 ὦ.

388 922 758 978 [D1scREPAN'r1A
792 936 1079 965 SCRIPTVRAE
1111 938 1160 965 IN
1191 921 1616 982 LGBTVXHAfb]
1751 923 1778 966 1
1809 924 1933 981 τρία]
1968 938 2045 969 om
2077 925 2217 981 VHf,
2249 931 2401 975 ταῦτα
2430 929 2472 970 Α
2542 928 2556 985 ΙΙ

386 992 415 1036 2
445 994 554 1037 ante
584 993 642 1036 τὸ
674 992 854 1049 ποίημα
885 992 977 1036 add
1009 995 1085 1037 καὶ
1116 992 1292 1035 VHAf
1315 994 1331 1049 u
1425 994 1454 1037 3
1486 994 1595 1049 post
1626 995 1832 1048 Ἀριθμοὶ
1863 994 1956 1039 add
1987 997 2036 1039 δὲ
2066 995 2279 1041 VHAfb
2338 999 2344 1053 Ι
2445 998 2555 1042 ante

388 1067 618 1120 πληθυντ.
652 1063 745 1107 add
777 1066 852 1107 καὶ
885 1063 1148 1107 TVHAfb
1190 1065 1196 1118 Ι
1280 1065 1389 1107 ante
1422 1066 1448 1108 ὁ
1481 1064 1573 1108 add
1604 1064 1707 1108 οἷον
1737 1067 1794 1108 τὸ
1825 1064 2040 1111 VHAfb
2077 1068 2093 1123 ss
2171 1069 2293 1112 4τώ
2325 1068 2384 1112 τά
2414 1070 2485 1112 τώ
2516 1067 2555 1111 Τ

387 1135 392 1192 Ι
459 1135 568 1178 ante
601 1135 644 1179 οἱ
675 1134 769 1178 add
800 1135 903 1179 οἷον
934 1133 1059 1177 HAf
1075 1135 1090 1189 ΙΙ
1170 1134 1199 1179 5
1221 1133 1349 1190 prius
1380 1136 1418 1178 ὧ
1451 1149 1593 1190 supra
1622 1134 1836 1178 additum
1867 1137 2007 1180 rubro
2038 1138 2184 1182 habet
2214 1138 2251 1181 B
2279 1141 2305 1193 Ι
2367 1142 2397 1193 ή
2430 1163 2483 1168 -
2515 1139 2554 1182 ὦ

385 1219 462 1248 om
493 1205 530 1249 Τ
558 1207 564 1260 Ι
626 1206 735 1262 post
765 1205 967 1250 alterum
1007 1205 1045 1248 ὦ
1089 1204 1183 1247 add
1220 1207 1277 1248 τό
1308 1210 1393 1249 τοῦ
1426 1211 1496 1261 τῷ
1528 1207 1584 1249 τό
1616 1206 1654 1249 ὧ
1688 1205 1973 1263 BVHAfb,
2010 1208 2094 1252 sed
2132 1209 2167 1252 Β
2207 1210 2411 1253 alterum
2442 1222 2555 1266 quo·

385 1290 476 1332 que
509 1277 559 1320 et
587 1276 782 1320 tertium
814 1276 853 1319 ὧ
885 1289 1024 1332 supra
1054 1275 1218 1319 addita
1247 1275 1394 1319 habet
1422 1275 1564 1319 rubro

390 1489 778 1545 [DiscRssPAN'rIAE
801 1504 858 1530 ET
890 1503 1183 1531 TEST1MON1A
1204 1503 1447 1531 scnomon.
1471 1491 1596 1544 (Σσ)
1625 1506 1940 1535 EROTEMATVM
1962 1493 2044 1547 (Ε)
2070 1507 2275 1536 Amonvm
2299 1492 2552 1549 sempron]

384 1562 479 1604 ἔςτι
508 1560 829 1615 προτακτικὸν
863 1584 915 1590 -
952 1560 1002 1603 ὅς
1033 1559 1271 1603 testantur
1311 1563 1361 1603 Σ
1389 1564 1489 1615 9009
1523 1559 1706 1617 (Steph)
1739 1566 1789 1606 Σ
1817 1563 1925 1605 ante
1957 1567 2075 1619 90019
2115 1563 2242 1620 (Hel)
2274 1575 2310 1609 6
2342 1567 2412 1608 Eg
2542 1563 2557 1620 Η

386 1632 410 1675 1
443 1631 549 1686 τρία
578 1630 816 1674 testantur
847 1632 913 1675 Σι
944 1631 1053 1674 ante
1086 1635 1204 1686 90221
1235 1634 1285 1674 Σ
1309 1631 1419 1686 post
1448 1635 1568 1686 90219
1602 1630 1730 1687 (Hel)
1781 1633 1797 1689 ΙΙ
2178 1634 2210 1679 3
2242 1635 2426 1690 ἀριθμοὶ
2456 1634 2557 1677 sine

384 1704 433 1746 δὲ
484 1701 626 1745 etiam
657 1702 722 1746 ΣΙ
755 1703 864 1745 ante
897 1706 1014 1757 90221
1054 1713 1089 1746 6
1120 1700 1328 1756 exceptis
1379 1700 1563 1746 duobus
1604 1702 1864 1758 codicibus;
1906 1704 2050 1748 habet
2094 1706 2144 1749 δὲ
2186 1710 2237 1750 Σ
2282 1706 2390 1763 post
2437 1709 2555 1760 90219

385 1773 524 1828 (Hel),
558 1773 609 1816 δέ
642 1773 723 1817 εἰςι
755 1774 825 1818 6H
849 1775 915 1818 6R
951 1773 958 1828 Ι
1194 1773 1346 1817 ἑνικός
1378 1773 1536 1818 δυϊκός
1567 1775 1884 1829 πληθυντικός
1915 1789 1992 1819 om
2023 1780 2073 1820 Σ
2098 1778 2207 1832 post
2235 1781 2353 1833 90219
2385 1775 2511 1830 (Hel)
2535 1774 2556 1832 Η

383 1844 414 1889 4
445 1846 602 1888 δυῖκὸς
634 1845 685 1887 δὲ
722 1869 775 1876 -
809 1844 854 1888 αἱ
884 1844 944 1888 τά
975 1856 1051 1887 om
1083 1854 1119 1888 6
1148 1843 1339 1899 praeter
1371 1845 1435 1889 6P
1490 1846 1496 1897 Ι
2011 1847 2081 1890 τώ
2112 1848 2188 1905 τά]
2223 1846 2338 1893 duas
2368 1846 2556 1890 tantum

382 1915 555 1959 formas
585 1915 765 1959 habent
803 1915 947 1958 etiam
979 1915 1046 1959 Σ1
1077 1915 1186 1958 ante
1217 1919 1334 1970 90221
1369 1916 1435 1960 6P
1458 1918 1553 1970 Eg,
1593 1915 1675 1959 sed
1706 1918 1778 1960 τώ
1808 1919 1868 1962 τά
1898 1920 1968 1963 τώ
2000 1919 2195 1976 legebat
2225 1923 2275 1963 Σ
2300 1918 2408 1975 post
2437 1921 2556 1972 90219

384 1986 510 2039 (Hel)
562 1987 577 2042 ΙΙ
885 1986 914 2031 5
947 1987 998 2030 δὲ
1035 1985 1215 2029 habent
1252 1986 1318 2030 Σ1
1351 1986 1460 2030 ante
1492 1991 1594 2043 9033
1625 1991 1673 2031 Σ
1701 1989 1808 2042 post
1837 1995 1956 2046 90219
1989 1990 2116 2045 (Hel)
2149 2000 2185 2035 6
2215 1990 2423 2047 (praeter
2453 1988 2554 2043 6¹²),

384 2071 459 2100 om
490 2057 559 2101 Σ1
592 2058 700 2101 ante
733 2062 851 2112 90221
885 2058 950 2102 6P
997 2059 1003 2111 Ι
1287 2058 1395 2100 ante
1428 2058 1453 2101 ὁ
1485 2056 1579 2100 add
1611 2059 1756 2103 ἑνικαὶ
1790 2061 1935 2105 πέντε
1968 2062 2040 2106 σΗ
2071 2062 2163 2116 6¹³,
2195 2062 2341 2106 πέντε
2371 2065 2422 2105 Σ
2447 2053 2558 2115 post

383 2134 501 2184 90219
535 2128 660 2185 (Hel)
694 2130 759 2173 6P
822 2129 829 2185 Ι
1119 2130 1147 2182 ή
1181 2132 1267 2184 τῆς
1298 2133 1357 2184 τῇ
1389 2129 1480 2183 τήν
1513 2128 1551 2171 ὧ
1585 2142 1662 2172 om
1692 2130 1759 2173 Σ1
1791 2131 1900 2175 ante
1932 2136 2049 2188 90221
2082 2133 2131 2176 et
2160 2133 2268 2176 ante
2300 2136 2402 2188 9039
2432 2130 2482 2174 et
2510 2133 2560 2174 Σ

383 2201 493 2256 post
523 2205 641 2256 90219
675 2199 825 2255 (Hel),
861 2199 943 2242 ubi
973 2199 1090 2242 haec
1121 2198 1408 2242 adiciuntur:
1450 2200 1588 2243 αὗται
1628 2200 1675 2244 αἱ
1705 2202 1906 2246 πτώςεις
1937 2203 2103 2256 γένους
2134 2203 2218 2248 eici
2250 2202 2400 2258 μόνου
2431 2202 2557 2257 ἀρςε-

383 2276 513 2316 νικοῡ
555 2274 629 2316 καὶ
670 2272 883 2327 ἀριθμοῦ
907 2270 1054 2325 μόνου
1094 2271 1264 2314 ἑνικοῦ.
1327 2282 1362 2315 6
1391 2270 1575 2328 profert
1612 2284 1707 2315 non
1738 2271 1887 2316 solum
1919 2275 1948 2328 ἡ
1981 2278 2066 2329 τῆς
2098 2279 2157 2331 τῇ
2190 2276 2282 2329 τήν
2313 2273 2351 2317 ὦ
2382 2274 2438 2317 τό
2468 2275 2553 2316 τοῦ

383 2349 452 2400 τῷ
484 2345 540 2386 τό
573 2343 637 2397 ὦ,
683 2341 766 2385 sed
798 2341 941 2385 etiam
973 2340 1182 2398 singulos
1214 2355 1345 2385 casus
1377 2341 1528 2385 dualis
1567 2342 1754 2386 numeri
1785 2344 1833 2386 et
1861 2343 2055 2400 pluralis
2087 2344 2298 2388 omnium
2329 2357 2556 2401 generum

383 2416 526 2470 atque
557 2418 604 2459 E
635 2413 846 2457 adiciunt
875 2414 1124 2469 praeterea
1146 2412 1547 2456 enumerationem
1581 2413 1789 2457 omnium
1821 2413 2076 2458 flexionum
2109 2415 2295 2459 articuli
2323 2413 2556 2472 postposi-

382 2486 470 2529 tivi
497 2488 502 2540 Ι
621 2485 750 2541 prius
783 2484 821 2526 ὦ
855 2483 1080 2527 exhibent
1118 2483 1260 2527 etiam
1291 2484 1357 2527 Σι
1390 2484 1498 2527 ante
1531 2488 1644 2540 90221
1688 2485 1737 2528 et
1767 2485 1875 2528 ante
1909 2491 2024 2542 9033,
2056 2499 2110 2530 ac
2140 2486 2367 2542 legebant
2396 2484 2555 2528 Helio-

385 2556 710 2611 dorusZpost
741 2559 858 2610 90219
891 2555 940 2598 et
970 2553 1234 2610 Stephanus
1265 2559 1315 2599 Σ
1342 2559 1454 2611 9039,
1498 2567 1697 2610 quorum
1729 2555 2083 2599 scholiastarum
2117 2557 2237 2601 alter
2266 2557 2335 2600 ita
2365 2555 2558 2600 excusat

384 2625 816 2683 technographum,
858 2626 912 2668 ut
941 2638 1081 2681 saepe
1114 2625 1364 2669 excusatur
1402 2625 1461 2668 ab
1492 2625 1828 2680 interpretibus
1860 2627 2121 2681 veteribus,
2161 2627 2242 2671 ubi
2273 2627 2556 2684 posteriores

385 2696 609 2752 Dionysio
630 2697 928 2754 grammatici
956 2695 1129 2739 rectius
1159 2695 1508 2739 iudicaverant:
1541 2697 1658 2751 πρὸς
1691 2696 2022 2750 εἰςαγομένους
2051 2698 2253 2753 γράφων
2285 2700 2311 2742 ό
2341 2698 2558 2754 τεχνικὸς

385 2770 461 2812 καί
481 2770 538 2811 τὸ
556 2768 594 2810 ὧ
613 2769 757 2840 μετὰ
747 2773 846 2812 τῶν
867 2769 1059 2823 ἄρθρων
1082 2769 1307 2813 κατέταξε
1326 2767 1469 2822 μηδὲν
1486 2769 1930 2823 περιεργαςὰμενος·
1962 2769 2012 2811 ἑν
2034 2770 2230 2813 πολλοῖς
2246 2770 2297 2813 δὲ
2318 2769 2557 2823 ἐλέγχεται

387 2841 445 2893 μὴ
481 2840 602 2883 εἶναι
633 2841 819 2894 ἄρθρον.
883 2839 1144 2895 sequuntur
1175 2837 1419 2894 complura
1450 2839 1750 2894 argumenta,
1792 2852 1995 2894 quorum·
2021 2853 2130 2896 pars
2161 2840 2288 2883 certe
2320 2838 2378 2882 ab
2410 2838 2554 2895 Apol-

385 2910 510 2953 lonio
543 2910 773 2966 originem
807 2909 936 2953 ducit
967 2909 1054 2966 (cfr
1083 2914 1134 2954 Σ
1161 2915 1278 2964 90312
1309 2923 1414 2952 cum
1445 2910 1567 2965 synt.
1601 2914 1713 2966 5122,
1755 2914 1875 2964 90317
1906 2923 2009 2953 cum
2044 2911 2165 2967 5119)
2227 2910 2265 2953 ὦ
2299 2923 2356 2953 ex
2388 2907 2555 2952 articu-

385 3095 663 3150 [LEcmoNss
686 3094 906 3151 Animum]
968 3094 995 3139 1
1057 3094 1182 3151 τρία]
1215 3098 1369 3138 ταῦτα
1398 3093 1740 3149 interpretatur
1789 3093 1805 3149 ΙΙ
1911 3093 1940 3138 2
1971 3096 1996 3139 ὁ
2029 3096 2251 3151 ποιητής,
2294 3095 2323 3148 ἡ
2359 3088 2575 3150 ποίηςιςῇ

384 3167 440 3208 τὸ
472 3165 668 3222 ποίημα]
705 3170 898 3219 creator,
930 3165 1113 3219 creatio,
1149 3168 1352 3209 creatum
1401 3165 1418 3220 ΙΙ
1497 3164 1527 3209 3
1560 3165 1724 3218 ἑνικός,
1758 3166 1933 3219 δυῖκός,
1966 3166 2284 3221 πληθυντικός
2315 3177 2392 3209 om
2446 3166 2452 3216 Ι
2527 3163 2554 3207 ὁ

385 3238 414 3289 ἡ
447 3237 518 3291 τό]
553 3236 663 3292 quia
693 3236 943 3293 generibus
974 3249 1162 3292 quoque
1196 3236 1326 3280 caret
1354 3235 1520 3292 lingua
1550 3235 1773 3289 armenia,
1806 3248 1891 3291 pro
1922 3235 1994 3278 his
2023 3236 2174 3279 tribus
2204 3234 2391 3279 articuli
2420 3246 2556 3290 prae-

387 3306 577 3360 positivi
621 3308 780 3350 formis
818 3306 979 3363 posuit
1014 3307 1107 3350 tria
1146 3306 1335 3351 diversa
1371 3305 1653 3361 pronomina
1692 3305 2085 3360 demonstrativa,
2132 3305 2266 3360 quasi
2296 3303 2558 3361 scripsisset

388 3375 612 3420 Graecus:
647 3379 785 3422 οὗτος
817 3380 895 3422 ὅδε
927 3379 1106 3422 ἐκεῖνος
1157 3378 1172 3434 ss
1250 3377 1282 3422 4
1311 3378 1381 3420 τώ
1422 3377 1498 3432 τά]
1533 3389 1591 3419 ne
1624 3374 1698 3418 hic
1730 3375 1924 3431 quidem
1955 3377 2013 3420 ab
2045 3374 2259 3431 Dionysii
2289 3372 2555 3418 imitatione

387 3446 614 3490 abstinuit
645 3448 913 3503 ArmeniUS,
954 3461 1240 3504 quamquam
1280 3448 1426 3504 ipsius
1456 3446 1622 3504 lingua
1656 3459 1742 3490 nec
1782 3446 2044 3498 articulum,
2061 3445 2328 3503 praebebat
2359 3458 2446 3489 nec
2475 3457 2554 3502 ge·

385 3531 551 3561 nerum
572 3517 919 3563 distinctionem
936 3531 1023 3567 nec
1051 3519 1241 3564 dualem
1271 3531 1533 3562 numerum.
1595 3529 1680 3573 pro
1713 3516 1842 3560 duali
1870 3518 2029 3573 posuit
2057 3517 2258 3562 formam
2289 3515 2463 3565 fictam,
2486 3514 2554 3558 in·

387 3590 684 3634 strumentali
724 3590 973 3646 singularis
1012 3590 1061 3633 in
1099 3603 1159 3634 ou
1197 3589 1388 3634 exeunti
1426 3587 1644 3639 similem,
1695 3599 1922 3643 generum
1961 3587 2286 3632 diversitatem
2326 3584 2556 3642 expressit

386 3660 579 3704 diversis
608 3661 962 3717 pronominibus
993 3659 1387 3705 demonstrativis.
1447 3659 1589 3714 atque
1620 3657 1712 3701 tria
1740 3658 2018 3713 pronomina
2036 3658 2111 3702 hic
2143 3671 2328 3715 quoque
2358 3655 2552 3713 profert,

386 3732 439 3774 ut
467 3730 515 3774 in
547 3731 872 3775 convertendis
906 3733 930 3775 ὁ
962 3733 989 3785 ἡ
1023 3733 1080 3775 τό
1114 3733 1163 3776 et
1191 3733 1236 3777 οἱ
1265 3731 1312 3776 αἱ
1341 3730 1428 3789 τάς
1462 3729 1622 3784 itaque
1654 3727 1912 3771 censendus
1935 3730 2005 3772 est
2034 3728 2205 3785 legisse
2233 3729 2304 3773 τώ
2335 3726 2396 3771 τά
2424 3726 2494 3769 τώ
2530 3724 2550 3782 ΙΙ

386 3802 415 3846 5
447 3802 495 3845 in
526 3803 709 3853 casibus
741 3802 1071 3846 enumerandis
1101 3817 1194 3846 uno
1225 3801 1411 3846 tantum
1442 3797 1718 3857 pronomine
1750 3797 1911 3850 utitur,
1945 3813 2058 3856 ergo
2090 3797 2336 3844 masculini
2365 3795 2552 3840 tantum

384 3873 568 3930 generis
598 3872 773 3917 formas
802 3873 1039 3928 putandus
1071 3872 1205 3918 estin
1231 3872 1400 3917 techne
1425 3869 1671 3915 invenisse.
1730 3870 1837 3923 post
1868 3869 2092 3924 dativum,
2126 3871 2181 3914 ut
2211 3881 2352 3925 supra
2380 3882 2412 3924 p
2435 3870 2504 3922 31,
2527 3871 2554 3911 5

384 3942 430 3985 in
463 3943 616 3999 capite
649 3945 756 3999 περὶ
787 3943 1042 3997 ὀνόματος,
1081 3943 1244 3987 inserit
1272 3940 1694 3988 instrumentalem.
1758 3940 1929 3984 deinde
1961 3940 2174 3998 sequitur
2203 3938 2384 3992 ijsow,
2425 3939 2554 3994 quod

387 4012 693 4057 dividendum
716 4015 785 4058 est
804 4014 853 4057 in
874 4015 981 4070 zaj3,
1015 4013 1094 4069 q-ui
1116 4014 1187 4058 est
1208 4012 1499 4058 accusativus
1520 4009 1895 4066 demonstrativi,
1930 4013 1979 4055 et
2007 4023 2086 4065 ow,
2122 4008 2246 4065 quod
2278 4008 2379 4053 vice
2410 4021 2550 4053 vocu-

384 4083 456 4126 lae
490 4085 527 4126 ὧ
559 4085 782 4141 fungitur.
844 4084 1046 4140 denique
1079 4083 1396 4128 nominativus
1424 4082 1620 4140 pluralis
1651 4081 2010 4126 demonstrativi
2040 4080 2229 4124 additus
2260 4078 2434 4136 legitur

2579 433 2724 471 964012

2579 685 2619 716 10
