2814 4400
739 250 801 296 IN
832 251 1055 304 QVIBVS
1087 251 1225 296 SYRI
1257 251 1325 307 (S)
1354 250 1690 295 LECTIONES
1721 252 1946 296 INSVNT
2176 253 2422 298 LXXXVII

409 380 475 433 ad
512 380 606 448 29,
633 379 797 434 3—4.
871 379 1012 448 apud
1052 376 1090 432 S
1130 382 1256 432 ante
1296 379 1528 444 Νοήμων
1567 381 1621 430 et
1658 380 1907 445 Φιλήμων
1944 382 2224 434 nominum
2262 382 2423 434 inter-

265 465 591 534 pretationes
610 464 807 534 legitur
827 463 1143 517 vocabulum
1167 463 1307 532 quod
1329 462 1468 515 idem
1489 481 1551 516 ac
1569 465 1802 531 prudens
1819 467 2113 534 intelleyens
2138 467 2419 536 significat.

404 619 469 671 ad
507 619 599 687 29,
628 620 663 673 5
702 619 1126 687 παραεύνθετον]
1165 636 1263 687 pro
1302 617 1401 669 hac
1441 617 1802 686 appellatione
1831 616 1869 673 S
1908 620 1996 672 hic
2035 626 2087 672 et
2124 621 2265 673 infra
2298 622 2420 689 50,3

261 721 455 756 nomen
494 704 658 757 habet
694 704 832 774 quod
861 703 1486 772 plusquamcompositum
1523 702 1808 772 significat.

218 867 239 900 5
403 859 467 912 ad
508 859 601 927 29,
629 859 772 913 6-7
824 858 1267 924 Ἀγαμεμνονίδης
1306 857 1644 927 Φιλιππίδης]
1697 875 1863 910 unum
1910 861 2210 927 exemplum
2257 862 2417 915 habet

260 941 299 999 S
338 944 495 1014 idque
533 963 759 998 sacrum.

397 1100 462 1152 ad
489 1100 584 1168 30,
614 1100 639 1152 l
656 1099 773 1154 -4.
830 1100 885 1151 in
913 1097 957 1150 B
983 1099 1165 1151 codice
1193 1099 1451 1152 versionis
1480 1099 1780 1168 syriacae
1808 1098 1989 1151 eadem
2017 1101 2416 1169 compositionis

257 1201 455 1253 genera
494 1185 784 1254 eodemque
825 1183 1009 1236 ordine
1048 1186 1451 1251 enumerantur3
1490 1183 1547 1235 in
1584 1183 1634 1235 A
1672 1183 1853 1236 codice
1892 1183 2038 1237 deest
2074 1186 2304 1243 tertium,

397 1341 461 1392 ad
503 1340 596 1408 30,
623 1339 847 1408 5—31,
877 1340 930 1393 l.
1007 1336 1046 1394 S
1086 1341 1141 1391 in
1178 1339 1223 1392 B
1264 1338 1469 1392 codice:
1511 1340 1722 1406 ἀριθμοὶ
1756 1357 1874 1393 vero
1910 1342 1971 1393 in
2008 1340 2189 1408 linqua
2222 1360 2414 1410 yraeca

193 1435 235 1467 10
255 1430 380 1478 sunt
413 1429 570 1492 τρεῖς,
611 1427 783 1480 ἑνικὸε
820 1430 868 1478 et
903 1425 1084 1479 δυῑκόε
1122 1428 1169 1478 et
1200 1425 1570 1493 πληθυντικόε,
1608 1426 1668 1477 in
1694 1425 1875 1492 linqua
1902 1442 2020 1478 vero
2054 1427 2265 1492 syriaca
2292 1433 2416 1481 sunt

254 1511 382 1574 duc,
433 1511 568 1564 velut
610 1511 786 1564 homo
831 1514 877 1563 et
920 1510 1223 1564 homines.
1298 1511 1354 1561 in
1393 1509 1440 1561 A
1481 1509 1660 1561 codice
1709 1510 1839 1562 haec
1884 1513 2090 1562 tantum
2132 1510 2411 1581 leguntur:

251 1597 459 1649 numeri
503 1613 623 1649 vero
669 1597 729 1648 in
766 1595 951 1663 linqua
986 1596 1198 1659 syriaca
1235 1598 1360 1647 sunt
1394 1595 1496 1647 duo
1509 1636 1523 1661 ‚
1571 1595 1879 1664 sinyularis
1899 1599 1946 1647 et
1972 1596 2229 1662 pluralis,
2276 1598 2414 1651 velut

249 1680 429 1733 homo
465 1685 513 1734 et
554 1681 854 1734 homines.
928 1680 993 1732 ad
1033 1679 1274 1747 exempla
1312 1678 1392 1730 cfr
1429 1679 1899 1731 commentariolus
1938 1697 1973 1730 σ
2015 1683 2068 1732 et
2106 1679 2408 1734 Priscianus

251 1769 304 1817 et
340 1783 476 1834 quae
516 1762 555 1819 S
594 1765 650 1816 in
690 1765 862 1833 capite
901 1764 964 1816 de
1002 1763 1227 1816 articulo
1266 1782 1300 1832 p
1338 1762 1424 1831 62,
1452 1762 1489 1814 4
1526 1764 1698 1816 habet.

113 1911 124 1924 ’
184 1930 226 1963 15
389 1920 452 1971 ad
494 1919 588 1988 31,
620 1919 780 1973 1—3
829 1919 1208 1988 Εἰεὶ-ὄχλοε]
1261 1917 1298 1973 S
1338 1920 1632 1985 consentit,
1681 1919 1784 1971 nisi
1832 1920 1972 1988 quod
2020 1921 2260 1990 exempla
2304 1925 2406 1976 hoc

246 2005 451 2074 profert
488 2005 698 2057 ordine:
737 2009 903 2072 δῆμος
941 2003 1106 2071 ὄχλος
1143 2004 1307 2070 χορός
1345 2003 1449 2073 (cfr
1485 2003 1626 2055 infra
1663 2004 1728 2056 ad
1766 2005 1852 2071 41,
1887 2003 1955 2076 1).

388 2175 451 2227 ad
491 2174 585 2242 31,
613 2175 794 2228 3—4.
857 2177 942 2228 καὶ
978 2175 1609 2239 πληθυντικοὶ-δυῖκῶν
1641 2171 1678 2226 S
1718 2176 1999 2243 convertit,
2039 2176 2128 2228 sed
2167 2172 2409 2246 exempla

245 2261 407 2313 habet
454 2260 575 2312 alia.
652 2260 842 2328 quibus
890 2260 1019 2312 haec
1058 2259 1279 2317 subicit:
1327 2275 1516 2312 rursus
1550 2275 1668 2312 vero
1704 2263 1829 2312 sunt
1863 2262 2084 2315 nomina
2122 2262 2234 2314 alia
2272 2280 2407 2329 quae

242 2346 585 2414 sinqulariter
631 2346 837 2412 quidem
886 2346 1158 2412 dicuntur,
1209 2345 1270 2397 de
1317 2345 1516 2397 duobus
1565 2361 1683 2396 vero
1719 2346 2058 2416 praedicant,
2107 2347 2242 2399 velut
2278 2366 2318 2414 p
2333 2367 2407 2402 ar

180 2441 222 2473 20
245 2432 481 2498 iuyum.
555 2430 654 2482 hoc
690 2430 1138 2492 additamentum,
1178 2429 1314 2497 quod
1353 2433 1474 2496 post
1510 2429 1730 2480 nomina
1768 2428 1942 2482 forma
1979 2430 2300 2500 singularia,
2351 2433 2405 2484 vi

241 2515 470 2584 pluralia
517 2515 742 2567 debebat
787 2515 978 2581 inseri,
1024 2514 1251 2567 fortasse
1303 2517 1575 2582 sumptum
1623 2516 1703 2565 est
1752 2514 1818 2565 ab
1865 2514 2151 2567 scholiasta
2187 2535 2402 2585 graeco:

242 2599 484 2668 exempla
520 2617 712 2668 graeca
748 2599 930 2652 nescio
968 2618 1036 2651 an
1074 2599 1276 2651 fuerint
1312 2602 1499 2661 Ζεῦγοε
1538 2602 1591 2650 et
1627 2598 1807 2674 Zwsov⁸>

383 2769 448 2821 ad
488 2769 583 2837 31,
611 2769 832 2836 5-32,
863 2769 914 2822 l.
989 2768 1148 2821 Hunc
1200 2787 1410 2838 quoque
1462 2769 1636 2821 locum
1689 2769 1958 2822 convertit
2007 2767 2046 2823 S
2096 2771 2185 2823 sed
2230 2772 2403 2839 primo

243 2856 518 2907 enuntiato
557 2854 816 2906 adiciens:
853 2855 1134 2907 secundum
1172 2855 1409 2922 linquam
1442 2872 1705 2922 maccam.
1763 2855 1955 2923 quibus
1978 2855 2193 2906 vocibus
2222 2860 2401 2922 γενική

175 2953 216 2983 25
240 2943 293 2992 et
329 2940 580 3005 αἰτιατική
629 2939 1052 3003 transferuntur,
1102 2957 1193 2991 eae
1242 2940 1312 2991 ab'
1345 2939 1654 2991 nominibus
1690 2957 1854 3007 yenus
1891 2943 1945 2991 et
1983 2957 2200 2994 causam
2239 2942 2401 3010 signi-

237 3025 524 3077 ficantibus
563 3024 752 3077 ductae
791 3031 930 3076 sunt.
988 3042 1100 3076 non
1138 3025 1522 3092 interpretatur
1558 3027 1642 3077 καὶ
1667 3025 1862 3078 εὐθεῖα.
1919 3029 2043 3092 post
2069 3026 2402 3094 singulorum

237 3128 454 3162 casuum
503 3109 888 3178 appellationes
937 3109 1110 3161 addit:
1165 3109 1338 3171 home,
1396 3109 1648 3175 hominis,
1699 3110 1927 3175 homini,
1974 3127 2075 3176 per
2122 3110 2398 3178 hominem,

238 3212 266 3248 o
290 3195 456 3248 homo.
515 3195 572 3246 in
610 3198 800 3263 quarto
839 3194 1080 3262 exemplo
1117 3193 1511 3263 praepositione
1543 3212 1677 3262 quae
1711 3211 1805 3261 per
1831 3193 2099 3263 significat
2138 3213 2264 3247 usus
2302 3200 2398 3261 est,

237 3283 298 3332 ut
334 3279 598 3332 causalem
637 3280 917 3343 αἰτιατικῆς
948 3280 1061 3331 .vim
1102 3278 1439 3347 exprimeret.
1515 3278 1634 3330 vide
1676 3297 1811 3347 quae
1849 3279 1906 3330 in
1945 3280 2293 3332 adnotatione
2333 3281 2399 3332 ad

171 3376 214 3407 30
235 3365 319 3430 32,
352 3368 376 3416 1
416 3365 617 3433 protuli
662 3365 729 3416 ab
778 3364 1144 3416 Ohoerobosco
1194 3363 1418 3431 aliisque
1464 3363 1527 3415 de
1577 3363 1754 3431 quarti
1804 3381 1956 3415 casus
2004 3365 2398 3433 significatione

237 3450 405 3501 dicta:
443 3450 612 3504 αἰτίαν
653 3450 901 3514 εημαίνει,
941 3449 1062 3502 οἶον
1103 3451 1190 3502 διὰ
1226 3451 1322 3502 τὸν
1361 3449 1703 3513 Ἀρὶεταρχον
1742 3449 2003 3514 ἐτιμήθην.
2059 3450 2216 3517 quale
2249 3450 2396 3501 scho-

238 3534 350 3586 lion
386 3534 685 3601 putaverim
725 3532 915 3603 Syrum
955 3538 1079 3586 ante
1118 3534 1299 3586 oculos
1336 3532 1599 3584 habuisse.
1664 3533 1742 3584 cfr
1780 3534 1939 3585 etiam
1976 3534 2291 3586 Addendum
2331 3535 2397 3585 ad

233 3619 318 3687 67,
343 3619 501 3671 3—6.

378 3774 442 3825 ad
482 3773 578 3840 32,
605 3772 806 3841 2-33,
835 3773 889 3826 5.
960 3775 1229 3826 consentit
1268 3772 1325 3841 S,
1362 3773 1466 3824 nisi
1506 3772 1648 3840 quod
1686 3776 2011 3840 φερώνυμον
2050 3774 2191 3825 inter
2228 3776 2392 3827 ευνώ-

171 3878 213 3909 35
235 3877 406 3924 νυμον
456 3863 509 3910 et
555 3860 825 3923 διώνυμον
870 3859 1255 3927 interpretatur
1293 3861 1345 3910 et
1383 3857 1521 3926 quod
1560 3859 1642 3911 καὶ
1678 3851 2107 3913 ἀνταποδοτικόν
2137 3862 2269 3910 'ante
2308 3861 2392 3912 καὶ

237 3944 491 3997 δεικτικὸν
530 3942 796 3994 convertit
834 3947 887 3996 et
922 3944 1059 4013 quod
1098 3944 1519 4008 μετουειαετικόν
1557 3960 1663 3995 non
1705 3945 1874 4013 magis
1912 3944 2074 3995 habet
2111 3960 2266 4011 quam
2294 3943 2389 3996 Ar-

156 4080 159 4083 ,
234 4045 453 4080 memus
