2808 4394
687 263 970 309 TABVLA
999 263 1417 310 FLEXIONVM
1448 263 1662 308 VERBI
1695 247 1945 310 Τΐπτω
2301 266 2398 318 131

284 394 474 438 Μέςου
504 393 776 447 ἀορίςτου
806 394 898 436 καὶ
1000 393 1190 437 Μέςου
1220 391 1657 447 παρακειμένου
1767 391 2021 444 Μετοχαὶ
2051 393 2367 446 παθητικαί

393 465 708 515 μέλλοντος
748 460 790 516 β’
1004 464 1095 506 καὶ
1133 460 1639 517 ύπερςυντελίκου
1731 464 1941 516 χρόνου
1964 463 2289 507 ἐνεςτῶτος
2312 463 2403 505 καὶ

337 533 379 577 Ἑ
390 547 432 576 ν.
480 534 563 577 ἐὰν
591 534 813 586 τύπωμαι
1070 532 1165 579 Ἐν.
1212 531 1515 585 ότετυπώς,ή
1526 544 1658 575 τετυ-
1866 546 1975 587 παρ
1989 537 2263 577 ατατικοῠ

196 625 223 662 5
279 612 292 627 ·
589 603 714 659 τύπῃ
1212 607 1341 656 πυῑα,
1366 602 1424 646 τὸ
1455 602 1658 645 τετυπός
1818 605 1860 649 Ἑ
1869 619 1909 647 ν.
1956 605 1983 646 ό
2012 603 2310 657 τυπτόμενος
2320 637 2332 658 ,
2373 603 2402 656 ή
2435 619 2462 658 5

589 674 796 729 τύπηται
1069 675 1112 718 Δ
1122 688 1164 717 υ.
1207 674 1278 717 τὼ
1308 672 1542 716 τετυπότε
1555 706 1567 726 ,
1599 671 1659 714 τὰ
1957 674 2246 728 τυπτομένη,
2256 674 2315 717 τὸ
2329 687 2406 717 τυ-

335 746 378 788 Δ
389 758 432 787 υ.
475 744 560 788 ἐὰν
587 744 874 797 τυπώμεθον
1212 742 1443 788 τετυπυία
1956 744 2196 797 πτόμενον

480 815 564 858 ἐὰν
591 815 836 869 τύπηςθον
985 816 1034 860 Π
1046 817 1072 859 λ
1081 829 1111 870 η
1120 819 1163 859 θ.
1203 815 1248 859 οἱ
1284 814 1543 858 τετυπότες
1557 845 1567 866 ,
1612 811 1659 856 αἱ
1816 818 1857 860 Δ
1867 829 1907 858 υ.
1955 816 2026 858 τὼ
2037 815 2336 869 τυπτομένω,
2348 816 2407 858 τὰ

480 886 564 930 ἐὰν
594 885 837 939 τύπηςθον
1212 888 1474 939 τετυπυῖαι,
1504 883 1565 927 τὰ
1585 896 1658 926 τε-
1957 886 2231 939 τυπτομένα

173 974 232 1012 10.
253 956 301 1000 Π
312 959 339 1000 λ
349 971 378 1011 η
391 959 431 999 θ.
479 956 563 1000 ἐὰν
591 954 850 1007 τυπώμεθα
1212 956 1398 1001 τυπότα
1731 957 1780 1001 Π
1790 959 1816 1001 λ
1826 971 1855 1011 η
1869 959 1909 1003 θ.
1954 955 1999 1000 οἱ
2027 956 2328 1008 τυπτόμενοι,
2362 954 2408 999 αἱ
2442 972 2494 1011 10

591 1026 801 1081 τύπηςθε
1963 1026 2255 1080 τυπτόμεναι
2280 1060 2290 1080 ,
2348 1027 2408 1070 τὰ

590 1096 836 1140 τύπωνται
1145 1098 1201 1142 Ἀ
1214 1111 1275 1152 ορ
1290 1097 1336 1142 {c
1346 1111 1374 1140 τ
1387 1111 1451 1141 ου
1481 1092 1524 1140 α’
1960 1097 2233 1150 τυπτόμενα

1078 1168 1119 1212 Ἐ
1131 1183 1172 1211 ν.
1218 1168 1245 1211 6
1265 1169 1435 1222 τύψας,
1465 1168 1494 1219 ἡ
1517 1166 1664 1219 τύψα-

259 1239 407 1282 Μετ’
445 1237 650 1290 ὀλίγον
688 1237 931 1290 μέλλον·
1081 1254 1087 1261 ·
1219 1252 1287 1294 ςα,
1317 1240 1374 1283 τὸ
1402 1238 1562 1292 τύψαν
1791 1239 2232 1294 Παρακειμένου
2264 1240 2354 1281 καὶ

176 1300 227 1369 ’15
287 1321 386 1352 τος
415 1311 519 1352 τοῦ
550 1308 644 1351 καὶ
675 1307 913 1350 ἀττῑκοῡ
1077 1312 1170 1354 Δυ.
1212 1311 1283 1354 τὼ
1324 1310 1560 1364 τύψαντε,
1606 1307 1665 1351 τὰ
1822 1308 2318 1365 ὑπερςυντελίκου
2447 1327 2495 1364 15

342 1378 386 1421 Ἑ
396 1392 437 1422 ν.
485 1378 570 1422 ἐὰν
597 1378 876 1432 τετύψωμαι
1217 1381 1402 1435 τυψάςα
1515 1380 1525 1383 ’
1824 1381 1864 1424 Ἑ
1875 1396 1916 1424 ν.
1962 1381 1989 1425 6
2019 1380 2309 1433 τετυμμένος
2326 1413 2336 1431 ,
2380 1381 2409 1433 ἡ

596 1449 782 1505 τετύψῃ
988 1455 1036 1498 Π
1046 1454 1072 1496 λ
1083 1466 1113 1507 η
1127 1455 1167 1499 θ.
1212 1451 1258 1496 οἱ
1300 1453 1541 1506 τύψαντες
1560 1484 1570 1503 ,
1616 1449 1664 1493 αἱ
1963 1451 2246 1506 τετυμμένη,
2268 1451 2325 1493 τὸ
2340 1463 2412 1494 τε-

593 1521 857 1574 τετύψηται
1216 1523 1416 1578 τύψαςαι
1427 1555 1438 1575 ,
1485 1521 1546 1565 τὰ
1586 1522 1666 1563 τύ·
1962 1521 2200 1576 τυμμένον

341 1591 384 1635 Δ
395 1604 437 1634 υ.
485 1590 568 1634 ἐὰν
589 1591 932 1644 τετυψώμεθον
1215 1607 1375 1647 ψαντα
1823 1596 1864 1639 Δ
1877 1608 1918 1637 υ.
1962 1594 2033 1636 τὼ
2051 1592 2344 1646 τετυμμένω,
2354 1592 2413 1635 τὰ

171 1685 227 1723 20
600 1661 897 1716 τετύψηςθον
1963 1677 2076 1707 τετυ
2081 1663 2229 1717 μμένα
2441 1679 2496 1717 20

594 1732 895 1784 τετύψηςθον
1146 1735 1196 1778 Ἀ
1210 1749 1236 1778 o
1247 1749 1273 1790 ρ
1284 1734 1329 1778 ίς
1339 1749 1402 1778 το
1412 1749 1440 1778 υ
1472 1729 1510 1788 β’
1739 1738 1786 1781 Π
1801 1739 1866 1791 λη
1878 1738 1918 1779 θ.
1966 1734 2011 1778 οἱ
2040 1733 2335 1788 τετυμμένοι,
2367 1733 2415 1778 αἱ

256 1803 304 1847 Π
314 1805 340 1846 λ
351 1817 381 1858 η
392 1806 433 1846 θ.
480 1803 567 1847 ἐὰν
595 1803 914 1855 τετυψώμεθα
1077 1805 1119 1849 Ἑ
1129 1820 1170 1849 ν.
1216 1807 1243 1849 6
1273 1805 1441 1849 τυπών
1453 1837 1464 1858 ,
1513 1804 1542 1857 ἡ
1591 1817 1668 1846 τυ-
1968 1805 2264 1858 τετυμμέναι,
2277 1805 2336 1848 τὰ
2343 1818 2416 1848 τε·

594 1873 861 1927 τετύψηςθε
1222 1880 1375 1920 ποῠςα
1389 1910 1400 1930 ,
1430 1875 1487 1918 τὸ
1514 1875 1669 1918 τυπόν
1965 1876 2177 1930 τυμμένα

594 1944 845 1997 τετύψωντ
852 1955 898 1986 αι
1082 1948 1125 1991 Δ
1135 1961 1177 1993 υ.
1225 1947 1296 1990 τὼ
1327 1946 1536 1991 τυπόντε
1554 1979 1565 1999 ,
1611 1945 1670 1989 τὰ

176 2039 231 2078 25
1221 2017 1434 2061 τυπούςα
1899 2018 2195 2073 Ἀορίςτου
2226 2016 2267 2061 α’
2446 2033 2501 2072 25

262 2086 518 2139 Μετοχαί
558 2085 937 2140 ἑνεργητικαί
995 2089 1170 2143 Πληθ.
1217 2088 1260 2132 οἱ
1304 2089 1570 2141 τυπόντες,
1624 2085 1672 2130 αἱ
1828 2089 1926 2133 Ἑν.
1971 2088 2220 2142 ὁτυφθείς,
2269 2090 2298 2142 ἡ
2340 2103 2417 2133 τυ·

257 2156 469 2212 χρόνου
491 2157 582 2200 ένε
601 2160 817 2200 ςτῶτος
846 2156 940 2199 καὶ
1223 2162 1469 2212 τυποῦςαι,
1504 2158 1565 2201 τὰ
1593 2170 1671 2200 τυ·
1968 2162 2149 2215 φθεῑςα,
2163 2161 2221 2203 τὸ
2237 2161 2418 2214 τυφθέν

394 2230 796 2282 παρατατικοῡ
1221 2230 1375 2274 πόντα
1832 2237 1921 2278 Δυ.
1965 2231 2037 2274 τὼ
2067 2231 2326 2285 τυφθέντε,
2358 2232 2418 2274 τὰ

348 2298 391 2342 Ἑ
404 2312 446 2343 ν.
489 2299 515 2341 6
535 2298 749 2351 τύπτων,
790 2298 820 2351 ἡ
857 2297 937 2340 τύ-
1967 2301 2195 2356 τυφθείςα

175 2393 230 2432 30
485 2370 740 2422 πτουςα,τὸ
750 2369 937 2412 τύπτον
1123 2371 1460 2415 Μέλλοντος
1492 2368 1536 2414 α’
1742 2374 1917 2428 Πληθ.
1962 2372 2007 2416 οἱ
2037 2373 2328 2426 τυφθέντες,
2370 2372 2418 2416 αἱ
2448 2390 2502 2428 30

345 2443 440 2485 Δυ.
487 2441 557 2483 τὼ
588 2440 845 2494 τύπτοντε,
875 2440 936 2483 τὰ
1079 2442 1121 2485 Ἑ
1133 2456 1173 2485 ν.
1220 2442 1246 2485 6
1255 2442 1440 2495 τύψων,
1450 2442 1478 2494 ἡ
1493 2443 1668 2496 τύψου-
1970 2446 2229 2497 τυφθεῑςαι,
2259 2444 2319 2487 τὰ
2341 2458 2419 2487 τυ-

514 2510 759 2554 τυπτούςα
1227 2525 1295 2566 ςα,
1326 2514 1383 2556 τὸ
1412 2513 1568 2567 τύψον
1969 2514 2153 2568 φθέντα

259 2584 307 2628 Π
317 2585 345 2628 λ
354 2599 384 2639 η
395 2586 437 2628 θ.
487 2581 532 2626 οἱ
560 2581 825 2625 τύπτοντες
839 2613 850 2634 ,
890 2581 938 2624 αἱ
1079 2585 1122 2628 Δ
1133 2597 1175 2628 υ.
1219 2584 1291 2628 τὼ
1329 2584 1538 2638 τύψοντε
1556 2615 1568 2638 ,
1612 2587 1672 2628 τὰ

485 2653 759 2706 τύπτουςαι,
782 2653 842 2696 τὰ
856 2652 936 2695 τύ·
1223 2655 1438 2709 τυψούςα
1804 2657 1995 2701 Μέςου
2027 2645 2297 2710 ἀορίςτου
2322 2651 2364 2699 α’

180 2747 234 2786 35
500 2736 684 2767 πτοντα
994 2726 1043 2770 Π
1053 2728 1079 2769 λ
1088 2740 1119 2782 η
1130 2729 1171 2769 θ.
1217 2725 1262 2770 οἱ
1310 2727 1550 2781 τύψοντες
1561 2760 1571 2780 ,
1624 2727 1673 2770 αἱ
1831 2726 1873 2771 Ἑ
1882 2740 1924 2771 ν.
1969 2727 1996 2770 6
2045 2725 2315 2779 τυψάμενος
2326 2760 2338 2780 ,
2389 2726 2419 2781 ἡ
2451 2742 2506 2781 35

1221 2797 1451 2851 τύψουςαι
1464 2830 1476 2850 ,
1506 2798 1565 2840 τὰ
1595 2798 1672 2840 τύ-
1974 2797 2234 2851 τυψαμένη,
2265 2798 2324 2841 τὸ
2344 2810 2421 2841 τυ-

316 2865 762 2921 Παρακειμένου
794 2867 884 2908 καὶ
1224 2881 1380 2921 ψοντα
1500 2879 1506 2885 ·
1653 2917 1662 2923 ,
1971 2867 2185 2922 ψάμενον

353 2935 848 2992 ύπερςυντελίκου
1166 2974 1169 2977 .
1832 2941 1923 2983 Δυ.
1969 2939 2039 2981 τὼ
2072 2938 2344 2993 τυψαμένω,
2361 2941 2421 2982 τὰ

348 3009 447 3053 Ἑν.
489 3008 516 3051 6
545 3007 782 3062 τετυφώς,
814 3008 842 3062 ἡ
864 3021 938 3051 τε·
1130 3010 1465 3053 Μέλλοντος
1496 3008 1537 3063 β’
1973 3010 2218 3063 τυψαμένα

180 3101 236 3140 40
492 3082 668 3132 τυφυῖα
679 3111 690 3131 ,
722 3079 780 3122 τὸ
808 3091 942 3122 τετυ·
1084 3079 1125 3123 Ἑ
1138 3094 1178 3123 ν.
1227 3081 1254 3124 6
1293 3083 1461 3123 τυπῶν
1472 3113 1482 3133 ,
1528 3081 1557 3133 ἡ
1598 3094 1675 3123 τυ·
1748 3081 1831 3125 Πλ
1843 3095 1872 3135 η
1882 3083 1931 3127 θ..
1969 3080 2013 3124 οἱ
2043 3079 2305 3134 τυψάμενοι
2317 3113 2328 3134 ,
2376 3081 2423 3124 αἱ
2450 3094 2507 3132 40

492 3150 583 3204 φός
1227 3154 1320 3194 ποῦ
1326 3164 1394 3203 ςα,
1414 3151 1472 3194 τὸ
1493 3155 1678 3195 τυποῡν
1974 3150 2253 3205 τυψάμεναι,
2264 3153 2325 3196 τὰ
2344 3166 2422 3196 τυ-

349 3222 445 3266 Δυ.
486 3220 557 3263 τὼ
588 3220 852 3274 τετυφότε,
881 3220 942 3262 τὰ
1083 3222 1126 3265 Δ
1137 3235 1180 3264 υ.
1220 3221 1291 3264 τὼ
1332 3225 1586 3269 τυποῦντε,
1617 3222 1677 3265 τὰ
1974 3222 2163 3275 ψάμενα

491 3290 725 3346 τετοφυία
1224 3292 1437 3336 τυπούςα

265 3363 314 3407 Π
324 3365 351 3407 λ
361 3377 389 3417 η
401 3365 441 3409 θ.
490 3361 534 3405 οἱ
563 3361 830 3416 τετυφότες
843 3394 854 3414 ,
895 3359 943 3404 αἱ
999 3361 1047 3406 Π
1057 3363 1084 3405 λ
1093 3376 1123 3417 η
1135 3365 1174 3406 θ.
1220 3362 1266 3406 οἱ
1294 3365 1560 3407 τυποῦντες
1574 3398 1584 3418 ,
1629 3363 1677 3407 αἱ

182 3454 238 3493 45
492 3436 758 3488 τετυφυῑαι,
788 3432 849 3476 τὰ
870 3444 942 3475 τε·
1229 3436 1457 3477 τυπούςαι
1469 3466 1480 3486 ,
1510 3435 1570 3477 τὰ
1599 3448 1677 3478 τυ-
2453 3446 2510 3484 45

491 3504 680 3558 τυφότα
1230 3507 1412 3547 ποῦντα

269 3617 623 3674 [D1sanPAm-1A
661 3630 931 3660 scmm'vnAss
972 3630 1145 3659 con101s
1183 3617 1467 3673 nolucenffls]
1557 3616 1629 3660 col
1660 3618 1685 3661 I
1714 3616 1746 3665 8
1777 3617 1826 3660 et
1854 3617 1886 3662 9
1918 3618 2001 3661 ἑαν
2030 3620 2301 3673 τυπῆςθον,
2342 3619 2424 3663 ἐαν

267 3690 511 3742 τυπῆςθον
531 3687 548 3742 ΙΙ
635 3684 695 3732 42
708 3687 778 3730 τὼ
799 3687 1066 3742 τετυφώτε,
1098 3699 1158 3730 τα
1187 3687 1358 3740 τεφύια
1378 3686 1395 3741 u
1473 3686 1546 3729 col
1575 3687 1627 3730 II
1658 3687 1780 3737 6—7
1808 3690 1869 3732 τὰ
1897 3692 2126 3732 τετυπυῖα
2147 3689 2163 3743 ΙΙ
2240 3686 2424 3736 24—25

268 3772 329 3802 τα
343 3757 583 3814 τυποῦςαΙΙ
621 3756 813 3804 33-84
827 3757 887 3800 τὰ
902 3758 1114 3810 τύψουςα
1135 3757 1151 3812 ΙΙ
1219 3756 1286 3804 40
1308 3758 1558 3812 ότυπώνΙΙ
1626 3756 1813 3805 42-48
1828 3772 1888 3802 τα
1904 3762 2116 3803 τυπούςα
2137 3758 2153 3813 ΙΙ
2193 3759 2265 3802 col
2286 3761 2364 3804 111
2394 3760 2425 3804 8

270 3833 341 3874 τῶ
371 3829 656 3883 τυπτομένω
678 3828 694 3882 ΙΙ
793 3826 854 3874 19
883 3831 954 3871 τῶ
983 3827 1259 3881 τετυμμένω
1282 3828 1298 3882 ΙΙ
1395 3825 1458 3873 28
1490 3831 1561 3871 τῶ
1591 3830 1825 3884 τυφθέντε
1847 3830 1863 3885 ΙΙ
1957 3827 2019 3876 38
2050 3830 2108 3872 τὸ
2138 3832 2396 3883 τυψαμένω

272 3926 518 3972 annoims
546 3927 754 3982 numm]
814 3925 990 3970 fectum
1021 3940 1050 3970 a
1077 3925 1317 3982 praesenti
1346 3926 1577 3982 tempore,
1606 3927 2119 3985 plusquamperfectum
2151 3941 2180 3971 a
2199 3929 2425 3985 perfecto,

271 3997 482 4041 futurum
512 3999 571 4041 ab
601 3998 812 4052 aoriston
946 3996 1019 4040 eol
1048 3998 1073 4040 Ι
1106 3996 1259 4052 25-p
1281 3995 1374 4042 132
1406 3995 1478 4039 eol
1507 3997 1586 4041 111
1616 3997 1686 4044 80
1718 3998 1906 4042 omnino
1938 3996 2112 4041 desunt
2138 3998 2186 4041 in
2217 3998 2427 4043 Armenii

273 4068 598 4125 paradigmate
627 4067 879 4126 participia.

2034 4139 2092 4184 9*
