2808 4394
338 279 407 331 56
977 273 1088 322 ξι(
1120 273 1206 328 (16
1242 271 1434 326 17)οΧ
1465 270 1612 314 ane.
1646 268 1908 313 PRIORE

341 404 572 473 φράζω
616 402 654 504 ’ζῆ
697 400 923 453 νύσσω
963 398 1270 468 ὀρύσσω·
2526 409 2675 450 pessi»
2738 382 2746 385 '⁷

483 489 585 557 <5>
622 484 654 554 ἡ
697 486 759 538 δὲ
797 486 1014 554 πέμπτη
1054 481 1146 536 διὰ
1184 503 1296 536 των
1322 481 1614 552 τεσσάρων
1649 480 2033 552 ἀμεταβόλων,
2074 484 2105 533 λ
2142 502 2181 551 μ
2219 503 2252 535 ν
2291 502 2339 552 ρ,
2379 475 2545 540 οἶονε,

341 573 571 626 πάλλω
611 570 787 640 νέμω
828 572 1039 638 κρίνω
1079 572 1361 636 σπείρω·

344 743 702 800 [DISCREPANTIA
732 755 1013 784 SORIPTVRAE
1044 754 1090 782 m
1124 736 1513 793 GBTVHAfb]
1575 736 1606 781 3
1638 736 1824 792 πάλλω]
1857 736 2026 790 ψάλλω
2058 734 2179 779 HAf

343 955 731 1012 [DISCREPANTIAE
757 970 813 996 ET
837 965 1107 996 'rus'rmomA
1135 966 1367 994 senonen.
1389 951 1559 1004 (Σσλ)
1596 941 1903 992 ERoTEMA'rvM
1921 949 2003 1003 (Ε)
2028 964 2235 993 Amonvm
2261 949 2503 1004 sempron]

342 1024 570 1068 Choerob.
604 1029 725 1079 48227
755 1028 858 1080 6459
880 1051 913 1079 16
943 1021 1216 1066 Theodorus
1250 1025 1499 1077 18666,1100
1529 1019 1680 1077 magis
1709 1019 1889 1063 habent
1918 1017 2007 1062 EG
2038 1023 2158 1076 34466
2188 1020 2236 1062 et
2266 1019 2505 1075 Etymolo—

341 1096 499 1153 gicum
532 1095 796 1139 Havniense
830 1094 895 1151 (in
936 1092 1170 1137 Gaisfordi
1210 1091 1512 1135 adnotatione
1552 1090 1612 1134 ad
1653 1089 1748 1132 ΕΜ
1782 1094 1889 1134 1532
1922 1089 2001 1144 B):
2041 1091 2070 1142 ἡ
2103 1091 2306 1146 τετάρτη
2340 1090 2507 1146 (Havn.

342 1179 595 1224 perperam
625 1166 780 1222 τρίτη)
830 1164 1016 1218 ςυζυγία
1060 1166 1161 1206 των
1202 1164 1478 1217 βαρυτόνων
1517 1163 1590 1206 διὰ
1629 1165 1714 1205 τοῦ
1746 1163 1769 1206 ζ
1799 1163 1828 1215 ἢ
1868 1161 1951 1205 δύο
1990 1176 2037 1205 ςς
2078 1161 2328 1217 ἐκφέρεται
2370 1163 2508 1216 (quae

343 1237 539 1281 fortasse
572 1251 629 1281 ex
651 1235 950 1280 Herodianeo
982 1235 1090 1289 περὶ
1122 1237 1293 1277 παθῶν
1322 1231 1443 1277 libro
1474 1232 1644 1276 hausta
1672 1232 1800 1285 sunt,
1832 1247 1875 1279 v.
1906 1231 2088 1275 Lentzii
2116 1231 2435 1276 Herodianum
2467 1232 2511 1275 ΙΙ

344 1309 497 1363 27021).
559 1307 641 1351 sed
670 1307 849 1350 habent
870 1305 1119 1349 articulum
1142 1309 1191 1349 Σ
1208 1308 1311 1359 8946
1334 1302 1539 1359 (Steph):
1573 1305 1646 1347 διὰ
1675 1307 1761 1346 τοῦ
1795 1307 1819 1348 Z
1849 1304 1930 1358 μὲν
1953 1303 2200 1358 ἐκφέρεται
2222 1304 2355 1358 αὕτη,
2390 1304 2512 1347 ἐπει-

346 1381 402 1434 δὴ
435 1380 668 1433 τέταρτόν
708 1379 800 1422 ἐςτι
839 1378 1119 1431 ςύμφωνον·
1159 1375 1235 1419 διὰ
1265 1376 1316 1419 δὲ
1345 1378 1446 1418 τῶν
1485 1375 1569 1418 δύο
1609 1379 1657 1418 ς”ς·“
1688 1374 1958 1428 ἐκφέρεται,
1994 1374 2073 1418 ἰ’να
2104 1374 2512 1419 ὃιπλαςιαςθέντος
2546 1364 2549 1367 ”

343 1455 428 1494 τοῦ
454 1455 494 1494 ἶ
522 1452 611 1504 τὴν
640 1449 744 1504 ἰ’ςην
776 1449 974 1502 δύναμιν
1013 1448 1095 1504 ἔχῃ
1135 1451 1220 1491 τοῦ
1253 1437 1300 1499 ἵ,
1334 1445 1382 1489 et
1413 1444 1638 1488 Choerob.
1670 1448 1808 1500 64526ε
1848 1445 1988 1498 ἡνίκα
2019 1447 2045 1489 ό
2077 1446 2278 1490 ἑνεςτὼς
2309 1445 2382 1488 διὰ
2411 1449 2514 1488 τῶν

346 1516 382 1576 β’
418 1527 466 1565 (ἶ
496 1521 766 1577 ἐκφέρεται,
799 1521 911 1563 τότε
942 1520 1018 1562 καὶ
1052 1520 1078 1562 ὁ
1111 1519 1299 1573 μέλλων
1330 1517 1403 1561 διὰ
1433 1519 1520 1560 τοῦ
1553 1506 1855 1571 ἷέκφέρεται.
1921 1516 1989 1558 cfr
2019 1528 2075 1560 ea
2104 1515 2283 1572 regula,
2316 1528 2434 1571 quae
2463 1515 2514 1557 in

344 1591 556 1648 margine
597 1590 768 1634 codicis
800 1589 1078 1634 Havniensis
1124 1587 1361 1644 adscripta
1406 1587 1476 1631 est
1521 1586 1581 1629 ad
1621 1585 1879 1630 Herodiani
1923 1585 2096 1629 librum
2135 1587 2243 1641 περὶ
2283 1587 2514 1642 μονήρους

345 1664 519 1707 λέξεως
558 1666 650 1717 4026
690 1674 743 1704 ac
780 1661 1030 1718 praeterea
1065 1650 1305 1703 invenitur
1343 1657 1570 1702 Choerob.
1610 1657 1815 1714 orthogr.
1860 1657 1948 1700 AO
1979 1657 2023 1700 II
2053 1662 2155 1713 2059
2195 1656 2344 1712 Epim.
2378 1656 2514 1700 Hom.

344 1732 433 1777 AO
468 1733 486 1774 Ι
519 1738 580 1788 615
609 1731 697 1776 EG
738 1737 857 1787 34427
896 1731 991 1774 EM
1023 1736 1142 1786 29921
1183 1735 1301 1785 5372Ο
1339 1729 1551 1773 Eustath.
1591 1728 1639 1773 in
1678 1728 1812 1772 Iliad.
1850 1732 1961 1784 6416ε
2008 1729 2239 1773 οὐδέποτε
2279 1729 2371 1783 πρὸ
2414 1731 2516 1771 τῶν

346 1805 432 1848 δύο
464 1809 511 1849 Εἰ
544 1807 662 1859 (τῶν
694 1802 908 1847 omnibus
938 1802 1054 1846 locis
1083 1801 1279 1858 legitur)
1313 1801 1573 1856 εὑρίςκεται
1609 1800 1887 1854 δίφθογγος,
1938 1799 2019 1855 qui
2050 1812 2196 1843 canon
2229 1812 2515 1855 quamquam

345 1876 394 1919 in
433 1875 567 1918 illum
608 1874 964 1918 monadicorum
993 1873 1150 1916 locum
1182 1872 1330 1928 recipi
1369 1885 1463 1915 non
1506 1871 1667 1925 debet,
1705 1871 1866 1914 tamen
1897 1869 2247 1914 Herodianeum
2278 1885 2386 1915 eum
2418 1858 2547 1915 esse⁴

346 1947 495 2002 patet.
518 1947 568 2002 (ἢ
593 1946 679 1990 δύο
713 1960 761 1989 ςς
792 1947 820 2000 ἢ
852 1960 910 1988 ττ
942 1944 1173 2000 Chrysol„
1208 1947 1283 1987 καὶ
1315 1945 1400 1988 δύο
1432 1958 1479 1988 ςς
1510 1947 1680 1987 κοινῶς
1711 1943 1787 1986 καὶ
1819 1942 1903 1986 δύο
1934 1957 1992 1985 ττ
2022 1942 2223 1986 ἀττικῶς
2254 1940 2452 1994 Lascarn,
2485 1943 2515 1997 ἢ

347 2018 430 2061 δύο
462 2031 509 2060 ςς
539 2018 567 2071 ἢ
601 2017 685 2060 δύο
717 2031 774 2059 ττ
804 2017 832 2070 ἢ
865 2031 924 2069 τγ
965 2016 1084 2059 κατὰ
1128 2016 1240 2059 τοὺς
1286 2016 1513 2059 παλαιούς
1555 1998 1731 2066 01131104
1779 2014 1807 2067 ἢ
1839 2027 1897 2055 ττ
1926 2012 2113 2056 tantum
2145 2011 2286 2067 Gaza)
2504 2012 2518 2069 Η

346 2087 372 2131 1
403 2087 568 2143 φράζω
601 2087 668 2130 Σι
699 2091 802 2143 8945
834 2098 869 2132 σ
898 2089 947 2131 Ε
976 2085 1114 2130 Prisc.
1146 2085 1188 2129 II
1219 2090 1322 2141 4472
1352 2085 1582 2129 Theodos.
1618 2088 1763 2139 101716
1783 2082 1990 2127 Maciffob
2025 2082 2066 2126 V
2099 2087 2200 2139 6027
2231 2087 2334 2140 6556
2354 2083 2518 2128 Choer.

347 2162 467 2213 48227
499 2157 680 2200 Psellus
711 2162 764 2202 56
805 2160 812 2207 Ι
1094 2158 1248 2200 νύςςω
1280 2156 1482 2213 ὀρύςςω]
1517 2157 1668 2199 νύςςω
1700 2154 1933 2212 praebent
1961 2154 2028 2198 Σ1
2060 2158 2161 2210 8945
2193 2166 2228 2200 σ
2258 2157 2293 2199 λ
2323 2157 2411 2209 Eg,
2442 2167 2519 2198 om

348 2234 422 2275 Ev
444 2231 519 2274 Eb
542 2231 611 2274 Et
647 2229 789 2272 Prisc.
830 2229 873 2271 II
912 2233 1016 2284 4472
1054 2227 1281 2274 Theodos.
1325 2232 1469 2283 101716
1510 2225 1718 2270 Macrob.
1761 2226 1803 2269 V
1841 2229 1943 2280 6027
1982 2229 2085 2281 6556
2125 2224 2518 2282 (31100101048227.

350 2301 431 2344 sed
474 2300 577 2344 aliis
615 2300 729 2344 locis
766 2299 943 2357 legitur
984 2299 1072 2343 hoc
1112 2298 1380 2355 exemplum
1420 2298 1468 2342 et
1507 2296 1634 2354 apud
1664 2296 1983 2340 Theodosium
2015 2296 2159 2350 (velut
2190 2300 2339 2353 101660
2373 2301 2520 2352 101916

354 2376 501 2428 102066
536 2373 703 2427 102366)
737 2372 786 2414 et
814 2371 863 2413 in
879 2371 1110 2414 Macrobii
1127 2369 1358 2425 excerptis
1391 2369 1541 2447 (velut
1561 2373 1679 2424 61016
1710 2370 1861 2423 61812).
1923 2380 2261 2424 saepenumero
2291 2367 2418 2411 haud
2439 2367 2521 2410 du

349 2443 425 2486 bie
457 2443 609 2486 νύςςω
641 2443 920 2499 usurpatum
942 2443 1045 2486 erat
1075 2441 1133 2485 ab
1156 2440 1425 2484 Herodiano
1456 2439 1505 2482 in
1526 2437 1798 2491 rhematico‚
1830 2451 1941 2482 nam
1960 2438 2011 2481 in
2041 2438 2301 2483 catholicae
2333 2451 2520 2495 quoque

312 2534 323 2542 ·
351 2513 626 2570 fragmentis
657 2513 820 2556 crebro
849 2514 1103 2567 invenitur,
1128 2526 1165 2556 e
1189 2526 1231 2568 g.
1255 2511 1415 2567 145816
1446 2516 1547 2567 4606
1569 2539 1604 2565 27
1634 2509 1695 2553 Lz
1719 2509 1904 2564 (Arcad
1934 2514 2030 2566 1916
2054 2514 2172 2565 19216
2195 2515 2306 2565 19311
2333 2509 2520 2562 Schm.).

352 2610 405 2616 -—
438 2586 619 2639 ὀρύςςω
651 2584 886 2627 testantur
915 2584 979 2627 Σι
1013 2587 1114 2639 8946
1146 2594 1181 2628 o·
1212 2586 1260 2627 Ε
1287 2581 1516 2625 Theodos.
1557 2585 1702 2636 101716
1739 2578 1947 2624 Macrob.
1978 2579 2021 2622 V
2052 2580 2348 2635 6027011001.
2381 2585 2520 2637 48227,
2573 2603 2578 2607 -

352 2669 447 2698 11011
479 2654 704 2698 exhibent
723 2654 866 2698 Prisc.
898 2653 941 2696 II
971 2659 1074 2709 4472
1103 2653 1306 2699 Macrob.
1331 2652 1372 2694 V
1395 2656 1512 2709 6556.
1568 2652 1730 2696 Prisc.:
1762 2649 1841 2693 Ad
1872 2655 2065 2706 quartae
2096 2664 2272 2707 quoque
2301 2652 2523 2696 imitatio-

352 2739 467 2776 nem,
492 2738 608 2781 quae
635 2728 756 2780 perZ
781 2725 851 2769 vel
876 2725 1162 2780 duplicatam
1194 2739 1216 2769 ς
1240 2723 1481 2779 profertur
1511 2728 1553 2768 et
1575 2723 1881 2779 praeteritum
1906 2722 2123 2778 (subaudi
2152 2722 2411 2779 infinitum)
2437 2736 2524 2779 per

354 2811 375 2840 ς
406 2797 536 2850 facit,
567 2800 621 2840 iit
651 2798 815 2855 φράζω
849 2797 1041 2851 ἔφραςα,
1074 2796 1262 2840 πλάςςω
1295 2796 1495 2850 ἔπλαςα,
1534 2807 1618 2839 iios
1649 2806 1823 2850 quoque
1846 2795 2060 2850 pitisso
2083 2794 2390 2850 pitissavi‚
2422 2806 2522 2849 pa-

355 2868 527 2911 trisso
567 2867 925 2922 patrissaffl,
973 2880 1152 2911 musso
1182 2867 1450 2912 mussavi,
1519 2879 1639 2922 quae
1684 2866 1884 2910 forsitan
1931 2867 1989 2910 ab
2021 2865 2224 2922 Didymo
2270 2865 2523 2922 sumpserit

356 2939 692 2996 grammaticus
722 2938 918 2993 latinus,
961 2938 1175 2994 quamvis
1220 2938 1383 2995 inepta
1414 2937 1703 2994 comparatio
1734 2938 1814 2990 sit3
1856 2951 1909 2981 ac
1942 2937 2105 2981 dubito
2138 2950 2197 2979 an
2227 2935 2275 2979 in
2307 2948 2382 2990 eo,
2428 2949 2520 2992 quo

354 3009 584 3064 Didymus
613 3009 859 3062 utebatur,
893 3010 1010 3052 artis·
1036 3010 1352 3066 Dionysianae
1386 3008 1645 3066 exemplari
1673 3008 1791 3052 haec
1821 3008 1914 3053 duo
1945 3009 2132 3051 tantum
2162 3007 2323 3062 verba,
2355 3007 2519 3062 φράζω

356 3082 404 3123 et
435 3080 651 3133 πλάςςω,
682 3079 859 3123 fuerint
887 3093 975 3123 nec
1005 3080 1153 3124 ullum
1187 3094 1368 3134 eorum,
1401 3093 1599 3137 quorum
1631 3079 1900 3136 praesentia
1927 3079 1976 3122 in
2007 3082 2072 3125 ζω
2104 3078 2182 3122 vel
2211 3092 2324 3132 ςςω,
2363 3077 2523 3122 futura

357 3152 530 3194 exeunt
549 3150 599 3193 in
622 3153 700 3195 ξω.
732 3150 858 3206 quod
890 3151 1048 3194 autem
1080 3153 1278 3196 verbum
1308 3153 1355 3194 in
1375 3151 1601 3195 Macrobii
1633 3151 1853 3206 excerpto
1883 3149 2180 3194 Laudunensi
2216 3149 2251 3192 V
2282 3153 2384 3204 6552
2413 3149 2524 3205 post

358 3223 522 3278 φράζω
555 3235 640 3277 pro
673 3223 852 3276 ὸρύςςω
883 3221 1060 3278 legitur
1093 3223 1251 3279 (ὁρίζω
1285 3222 1475 3277 dasium,
1518 3223 1778 3277 ὡριςμένον
1809 3226 1983 3266 certum
2011 3220 2237 3276 finitum),
2277 3219 2325 3262 id
2357 3232 2414 3263 ex
2446 3233 2522 3263 ve-

359 3295 484 3336 tusto
514 3293 708 3335 technes
754 3292 1014 3349 exemplari
1045 3293 1356 3344 derivandum
1387 3306 1481 3337 non
1515 3292 1713 3336 videtur.
1751 3318 1802 3323 —
1834 3288 2127 3335 Herodianus
2158 3289 2215 3333 de
2247 3289 2520 3334 diversitate

357 3363 621 3406 futurorum
668 3362 804 3405 huius
851 3364 1193 3421 coniugationis
1238 3364 1363 3420 apud
1396 3363 1773 3408 Choeroboscum
1812 3367 1910 3417 6451
1957 3361 2025 3404 ita
2070 3360 2275 3404 disserit:
2325 3359 2520 3405 εἰκότως

358 3435 551 3478 ἀτακτεῖ
582 3435 607 3477 ὁ
641 3434 825 3487 μέλλων
862 3439 947 3490 τῆς
986 3436 1218 3491 τετάρτης
1257 3435 1467 3489 ςυζυγίας
1507 3439 1606 3478 τῶν
1647 3434 1925 3489 βαρυτόνων
1956 3434 2031 3476 καὶ
2063 3435 2128 3487 πῇ
2163 3431 2247 3485 μὲν
2278 3432 2351 3476 διὰ
2380 3433 2521 3477 τοῦδε

358 3509 443 3548 τοῦ
477 3504 731 3559 ςυμφώνου
764 3505 1025 3559 ἐκφέρεται,
1058 3512 1124 3563 πῇ
1157 3506 1207 3549 δὲ
1238 3507 1312 3549 διὰ
1341 3507 1508 3560 τοῦδε,
1541 3506 1703 3559 ἐπειδὴ
1737 3506 1810 3548 καὶ
1843 3506 1868 3547 ὁ
1901 3503 2103 3546 ἐνεςτὼς
2134 3502 2340 3555 ἀτακτεῖ,
2372 3502 2519 3547 Theo-

359 3576 515 3619 dosius
554 3588 651 3618 can.
695 3579 840 3630 101715
871 3575 956 3619 sic:
988 3578 1016 3630 ἡ
1049 3578 1253 3633 τετάρτη
1285 3581 1354 3632 τῷ
1385 3581 1414 3621 ἶ
1449 3567 1532 3632 ἢ”ξ
1573 3575 1676 3632 (scil
1714 3575 2036 3630 παραλήγεται
2075 3574 2126 3616 ἐν
2164 3578 2234 3626 τῷ
2268 3575 2521 3628 μέλλοντι),

359 3649 511 3702 ὀρύξω
546 3647 735 3702 φράςω·
768 3647 1027 3701 ὃιφορεῑται
1057 3648 1145 3702 γάρ
1196 3649 1211 3703 ΙΙ
1543 3646 1572 3690 2
1601 3648 1629 3700 ἡ
1664 3647 1714 3690 δέ
1747 3646 1938 3700 πέμπτη
1973 3670 2025 3676 -
2055 3634 2082 3689 λ
2112 3651 2144 3700 μ
2175 3649 2203 3690 ν
2233 3644 2276 3702 ᾗ]
2309 3644 2523 3700 quintam

358 3718 477 3760 hanc
495 3717 638 3761 etiam
657 3716 932 3774 Apollonius
948 3716 1083 3772 Dysc.
1103 3720 1346 3775 nuncupat
1366 3718 1486 3774 synt.
1505 3722 1625 3773 27426
1645 3719 1692 3771 (ἡ
1711 3717 1900 3772 πέμπτη
1922 3717 2108 3770 ςυζυγία
2129 3719 2247 3763 κατὰ
2267 3718 2358 3771 τὴν
2378 3729 2516 3771 παρε-

360 3790 615 3843 δρεύουςαν
637 3793 722 3833 τοῦ
749 3789 814 3833 εἰς
836 3789 893 3831 τὸ
916 3793 945 3831 ᾶ
967 3790 1197 3843 λήγοντος
1225 3789 1440 3845 ἀορίςτου
1460 3790 1535 3833 καὶ
1560 3790 1627 3832 ἔτι
1653 3789 1771 3831 κατὰ
1797 3790 1887 3842 τὴν
1911 3790 2287 3843 παρεδρεύουςαν
2308 3791 2392 3831 τοῦ
2418 3787 2521 3841 μέλ-

362 3863 529 3903 λοντος
557 3865 626 3915 τῷ
653 3860 856 3915 ἐναντίῳ
883 3863 1048 3915 χρῆται
1073 3861 1253 3915 χρόνῳ,
1277 3860 1446 3916 quibus
1471 3859 1689 3916 exempla
1712 3858 2004 3902 subiciuntur
2026 3860 2147 3915 δέρω
2176 3861 2352 3914 ἔδειρα,
2395 3858 2520 3911 νέμω

360 3931 532 3985 ἔνειμα,
566 3930 706 3986 κείρω
738 3935 878 3985 κερῶ,
908 3929 1088 3986 φθείρω
1121 3934 1304 3987 φθερῶ)
1329 3932 1376 3975 et
1397 3930 1569 3975 Herod.
1590 3931 1632 3974 ΙΙ
1654 3935 1771 3986 79416
1792 3928 1852 3972 Lz
1875 3931 1891 3986 Η
2006 3930 2036 3975 3
2061 3931 2226 3974 πάλλω
2251 3954 2296 3960 -
2323 3928 2519 3985 ςπείρω]

363 4070 642 4126 [Lsscmoms
668 4072 887 4128 mmmm]
948 4069 1067 4127 2-p
1100 4071 1277 4125 59,10
1310 4075 1338 4126 ή
1372 4074 1421 4117 δὲ
1453 4073 1645 4127 πέμπτη
1681 4096 1729 4102 —
1762 4072 1984 4129 πήγνυμι]
2022 4071 2130 4127 post
2166 4070 2383 4126 quartam
2413 4081 2520 4113 con·
