2808 4394
383 282 480 332 158

431 407 526 450 ἀπὸ
585 407 635 448 δὲ
693 408 779 447 τοῦ
834 405 1180 460 ςημαινομένου
1241 406 1437 450 δύναται

431 477 627 531 ποιότης
676 477 796 519 εἶναι
841 477 897 518 τὸ
942 477 1100 519 καλῶς
1149 477 1225 519 καὶ
1275 480 1436 530 ςοφῶς

432 547 705 601 (ποιότητος
723 546 821 590 vult
838 545 1171 590 CEASchmidt
1186 545 1435 601 Beitraege

428 632 459 673 p
499 618 614 671 503).
675 618 768 662 ἔςτι
813 618 890 660 καὶ
928 617 1005 661 ἐπὶ
1051 616 1282 672 (Schmidt
1322 617 1432 669 ἀπὸ)

431 689 515 732 δύο
545 691 716 742 γενῶν,
750 687 854 732 οἷον
875 688 1072 732 πάντως
1093 687 1335 742 ἀρςενικοῦ
1359 689 1435 731 καὶ

430 759 706 814 οὐδετέρου,
767 761 842 802 καὶ
892 760 976 814 ἐφ’
1037 758 1268 816 (Schmidt
1325 759 1433 813 ἀφ’)

432 831 559 884 ἑνός,
599 831 754 874 οὕτως
786 833 864 875 ὥς.
928 830 1201 886 Anonymus
1231 833 1282 873 Σ
1308 832 1432 886 9405:

431 902 686 956 μεςότητος
708 902 929 955 λέγονται
959 902 1045 944 οὐκ
1068 901 1184 958 εἰκῇ,
1219 900 1339 946 ἀλλὰ
1360 903 1435 945 διά

429 986 534 1016 τινα
581 972 748 1016 αἰτίαν.
819 972 890 1017 ἀεὶ
935 972 994 1015 τὰ
1044 977 1130 1027 τῆς
1176 974 1435 1028 μεςότητος

430 1044 525 1087 ἀπὸ
556 1043 808 1097 ὀνομάτων
840 1044 934 1098 ἔχει
963 1044 1053 1097 τὴν
1083 1044 1289 1098 γένεςιν,
1329 1045 1434 1088 ὀνο·

432 1115 596 1168 μάτων
627 1115 678 1159 δὲ
707 1118 953 1170 τριγενῶν,
986 1114 1081 1158 ἀπὸ
1113 1118 1315 1170 γενικῆς,
1348 1118 1433 1157 τοῦ

430 1189 459 1228 ν
490 1185 554 1229 εἰς
584 1182 615 1230 ἶ
635 1186 1044 1241 μεταβαλλομένου
1077 1218 1310 1233 ......
1343 1186 1435 1229 Με-

432 1258 570 1312 ςότης
609 1258 694 1301 οὖν
735 1257 934 1312 εἴρηται,
973 1257 1132 1310 ἐπειδὴ
1174 1257 1225 1299 ὲκ
1264 1257 1433 1311 μέτρου

432 1328 554 1384 (lege
597 1329 754 1382 μέςου)
793 1331 878 1382 τῆς
910 1327 1103 1371 κλίςεως
1133 1331 1234 1371 τῶν
1264 1327 1434 1381 ὀνομά-

432 1414 535 1443 των
566 1400 874 1454 λαμβάνεται·
908 1399 1003 1442 ἀπὸ
1035 1399 1123 1453 γὰρ
1155 1402 1256 1442 τῶν
1286 1402 1432 1454 τριῶν

430 1474 588 1524 γενῶν
634 1470 848 1515 ἐκπίπτει
894 1470 1054 1523 γενικὴ
1104 1468 1168 1512 εἰς
1206 1472 1292 1515 ὢν.
1360 1469 1434 1512 διὰ

430 1545 577 1585 τοῦτο
611 1542 867 1596 μεςότητος
901 1540 1092 1596 εἴρηται.
1155 1539 1435 1584 Heliodorus

430 1616 481 1656 Σ
507 1616 650 1668 93918:
693 1612 950 1667 μεςότητος
991 1611 1285 1666 ἑπιρρήματά
1324 1611 1435 1655 εἰςιν

430 1684 514 1728 ὅςα
544 1683 638 1728 ἀπὸ
670 1687 872 1737 γενικῶν
903 1684 1155 1738 ὀνομάτων
1188 1682 1252 1727 εἰς
1272 1685 1436 1735 ἀἶγε-

430 1756 591 1809 γόναςι
641 1756 718 1799 καὶ
769 1755 980 1810 εἴρηνται
1022 1755 1298 1810 μεςότητος,
1347 1767 1435 1798 πα-

432 1828 594 1882 ρ’ὅςον
613 1826 696 1870 εἰςὶ
714 1827 826 1881 μὲςα
843 1827 1102 1882 ἀρςενικῶν
1124 1827 1199 1869 καὶ
1216 1828 1437 1879 θηλυκῶν

430 1899 699 1954 ὀνομάτων,
742 1898 807 1943 ὡς
845 1899 902 1941 τὸ
942 1898 1077 1941 καλοί
1114 1897 1252 1941 καλαί
1283 1896 1435 1954 (femi-

430 1969 592 2013 ninum
622 1983 697 2013 om
720 1968 917 2023 Bekker,
948 1967 1170 2025 praebuit
1191 1967 1246 2024 O)
1274 1970 1437 2012 καλῶν

435 2043 606 2096 καλῶς,
648 2042 780 2097 φίλαι
813 2039 952 2096 (adde
984 2039 1294 2083 masculinum
1326 2039 1436 2082 ante

432 2111 730 2168 femininum)
753 2112 911 2168 φίλων
933 2111 1102 2167 φίλως,
1137 2110 1273 2166 ςοφοί
1295 2110 1435 2165 ςοφαί

433 2183 515 2239 (sic
555 2183 615 2239 Ο,
657 2183 842 2227 Bekker
879 2184 1020 2238 ςοφά)
1060 2185 1222 2237 ςοφῶν
1261 2184 1435 2236 ςοφῶς.

431 2257 507 2300 καὶ
539 2256 634 2300 ἀπὸ
676 2259 761 2310 τῆς
791 2256 1021 2309 γενὲςεως
1054 2254 1310 2309 μεςότητος
1344 2251 1436 2308 (hic

432 2327 547 2370 talia
574 2326 873 2371 intercidere:
917 2327 1002 2381 μὲν
1033 2328 1307 2379 καλοῦνται,
1339 2324 1435 2367 ἀπὸ

431 2400 482 2442 δὲ
521 2403 606 2443 τοῦ
648 2397 988 2455 ςημαινομένου
1027 2397 1112 2442 eici
1141 2396 1435 2452 ποιότητος),

1010 261 1289 322 ΜεςότΗς
1314 302 1364 308 -
1384 262 1899 323 ΜετογςιΑςτικόΝ

1540 406 1728 459 λέγεται
1760 406 1882 449 εἶναι
1912 405 2204 460 ἐπιρρήματα
2234 406 2329 451 ἀπὸ
2350 410 2436 450 τοῦ
2461 421 2537 461 με·

1538 478 1651 521 ταξὺ
1685 477 1805 519 εἶναι
1829 476 2063 530 ὀνόματος
2080 477 2156 519 καὶ
2179 477 2402 532 ῥήματος,
2434 476 2537 522 οἷον

1538 547 1632 591 ἀπὸ
1664 550 1750 590 τοῦ
1784 548 2031 601 φιλοςοφῶ
2063 549 2138 590 καὶ
2170 549 2430 604 φιλόςοφος
2461 550 2537 592 καὶ

1538 619 1815 672 φιλοςόφως
1839 615 2208 672 (Schoemannus
2228 617 2258 662 1.
2279 618 2307 661 1.
2330 619 2536 663 scriben-

1537 688 1648 731 dum
1694 688 1872 731 censet:
1913 688 2006 733 ἀπὸ
2044 693 2130 733 τοῦ
2170 690 2430 744 φιλόςοφος
2461 692 2538 734 καὶ

1536 759 1812 813 φιλοςόφως
1831 761 1908 802 καὶ
1933 762 2212 815 φιλοςοφῶ),
2238 763 2384 804 τοῦτο
2401 761 2538 804 δὀὐκ

1537 831 1607 874 ἀεὶ
1647 831 1925 885 εὑρίςκεται,
1965 832 2035 874 διὸ
2077 833 2152 875 καὶ
2195 832 2538 886 ςεςυκοφάντη-
2616 865 2620 869 ,
2664 840 2677 850 ·

1536 909 1631 944 ται·
1677 902 1735 944 τὸ
1774 902 1863 956 γὰρ
1902 903 2060 946 καλῶς
2099 904 2174 946 καὶ
2215 906 2374 956 ςοφῶς
2414 902 2540 957 ῥῆμα

1537 973 1623 1015 οὐκ
1665 973 1760 1026 ἔχει
1798 973 2158 1026 παρακείμενον.
2226 975 2407 1027 βέλτιον
2452 973 2540 1016 οὖν

1538 1044 1804 1098 ςημειώςεις
1827 1044 2086 1098 ποιότητος
2107 1045 2370 1101 δηλωτικὰς
2392 1044 2540 1088 αὐτὰς

1537 1116 1712 1158 καλεῖν.
1763 1115 1917 1170 Ὦρος.
1978 1114 2151 1158 Nostra
2197 1116 2378 1169 aetate,
2425 1114 2541 1170 quid

1536 1184 1625 1228 sibi
1646 1187 1902 1242 μεςότητος
1923 1199 2093 1230 nomen
2118 1187 2272 1241 vellet,
2303 1186 2539 1250 explicare

1535 1256 1812 1300 studuerunt
1886 1256 2218 1301 CEASchmidt
2294 1257 2540 1315 Beitraege

1534 1341 1565 1382 p
1597 1332 1863 1384 501—505,
1910 1327 2203 1373 Schoemann
2232 1342 2387 1386 progr.
2420 1329 2538 1385 Gry·

1533 1397 1693 1454 phisw.
1736 1403 1844 1443 1860
1883 1398 1905 1442 Ι
1941 1414 1971 1455 p
2005 1404 2185 1444 10-12
2223 1402 2271 1445 et
2308 1400 2457 1445 Lehre
2497 1415 2540 1444 v.

1535 1468 1579 1511 d.
1610 1469 1920 1514 Redetheilen
1949 1484 1980 1526 p
2013 1474 2248 1515 161—162.
2307 1485 2407 1516 rem
2435 1485 2539 1529 per-

1537 1539 1774 1584 difficilem
1805 1540 1893 1584 hoc
1923 1540 2025 1584 loco
2055 1541 2275 1598 persequi
2303 1556 2396 1587 non
2416 1542 2540 1598 licet,

1537 1611 1619 1654 sed
1651 1612 1740 1656 hoc
1771 1611 1910 1666 addo,
1941 1612 2056 1656 mihi
2077 1613 2267 1669 quidem
2295 1613 2541 1671 probabile

1515 1682 1686 1726 ‘videri
1730 1682 2006 1740 Dionysium
2055 1697 2242 1741 quoque
2288 1686 2542 1742 μεςότητος

1540 1754 1712 1811 speciei
1751 1768 1807 1798 ea
1843 1755 2027 1799 tantum
2065 1755 2308 1812 adverbia,
2347 1770 2464 1813 quae
2493 1757 2543 1800 in

1537 1829 1607 1869 ω-ς
1631 1827 1812 1880 exeunt,
1837 1826 2147 1885 adscripsisse,
2173 1826 2542 1885 appellationem

1539 1897 1698 1941 autem
1727 1897 1797 1941 ita
1824 1897 2133 1953 intellexisse,
2176 1901 2227 1942 ut
2258 1898 2544 1956 significaret

1542 1967 1748 2011 medium
1780 1968 2015 2024 quendum
2036 1969 2190 2013 locum
2210 1970 2334 2014 inter
2353 1969 2543 2014 nomina

1541 2040 1588 2082 et
1632 2053 1744 2083 vera
1784 2039 2007 2085 adverbia
2043 2041 2204 2085 tenere
2242 2040 2350 2086 illas
2389 2053 2540 2097 voces,

1539 2110 1714 2167 quippe
1754 2124 1875 2166 quae
1914 2111 2125 2168 proxime
2165 2102 2444 2157 accederent
2482 2113 2543 2157 ad

1536 2181 1774 2226 nominum
1789 2181 2050 2228 flexionem.
2071 2197 2235 2227 verum
2249 2183 2373 2228 inter
2387 2185 2543 2242 poste-

1536 2252 1682 2297 riores
1710 2253 1948 2298 technicos
1980 2254 2115 2299 erant
2145 2255 2226 2310 qui
2257 2255 2401 2300 etiam
2431 2255 2542 2300 alia-

1538 2339 1640 2368 rum
1661 2324 2045 2369 terminationum
2067 2325 2294 2371 adverbia
2309 2326 2544 2384 permulta

1539 2396 1588 2438 in
1619 2395 1884 2440 medietatis
1918 2396 2066 2441 classe
2097 2398 2328 2454 ponerent

432 2470 536 2514 οἷον
577 2471 660 2514 ἐὰν
692 2470 813 2515 εἴπω
855 2473 1044 2514 καλῶς
1083 2467 1280 2522 γράφω
1295 2502 1306 2523 ,
1344 2468 1434 2521 τὴν
1480 2462 1624 2524 μετά
1669 2467 1956 2523 praepositio
2002 2467 2236 2524 bisyllaba
2282 2473 2359 2523 72,
2407 2473 2445 2514 1.
2488 2492 2544 2502 —-

433 2542 667 2597 ποιότητα
696 2546 782 2597 τῆς
814 2545 959 2597 καλῆς
990 2543 1178 2596 γραφῆς
1200 2540 1434 2594 ἑδήλωςα·
1536 2538 1787 2594 usurpatur
1817 2552 1924 2582 cum
1953 2538 2173 2596 genetivo
2206 2541 2454 2584 coniuncta
2474 2545 2541 2592 11,

432 2612 461 2666 ἢ
485 2617 671 2667 ςοφῶς
694 2614 866 2666 λέγω,
890 2615 980 2667 τὴν
1002 2611 1235 2666 ποιότητα
1255 2614 1341 2666 τῆς
1363 2624 1438 2654 ςο-

433 2684 662 2739 φωτάτης
682 2684 855 2729 λέξεως
873 2684 1102 2739 ἐδήλωςα,
1136 2685 1256 2727 ὥςτε
1271 2682 1435 2727 τοίνυν
1539 2685 1677 2724 *cum
1709 2693 1804 2724 acc.
1841 2686 1935 2736 111,
1967 2686 1995 2724 4

435 2755 540 2799 εἴτι
563 2756 828 2811 μεςότηςος,
860 2758 1007 2798 τοῦτο
1030 2755 1104 2797 καὶ
1128 2754 1140 2806 (
1149 2753 1434 2798 coniunctio-
1481 2748 1827 2809 μεταβάλλει
1855 2756 2066 2796 mutatur
2099 2757 2163 2804 14,
2188 2758 2213 2798 8
2245 2754 2542 2810 (μεταβάλλε-

432 2840 542 2870 nem
584 2826 804 2883 praebuit
843 2825 904 2882 O)
945 2825 1222 2879 ποιότητος·
1272 2825 1328 2868 οὐ
1375 2826 1432 2868 τὸ
1535 2836 1611 2867 ται
1642 2822 1776 2870 codd.
1809 2821 2065 2867 deteriores
2097 2825 2146 2868 et
2177 2823 2303 2880 edd.)

434 2898 680 2943 ἀνάπαλιν.
714 2908 750 2943 ο·
767 2897 894 2954 apud
914 2895 1193 2952 Hilgardum
1214 2899 1326 2951 4315:
1361 2909 1435 2950 με·
1481 2894 1728 2948 μετάβαςιν
1757 2895 1786 2949 ἢ
1820 2894 2063 2948 βεβαίωςιν
2083 2894 2347 2950 significare
2370 2895 2543 2941 dicitur

440 2970 641 3026 ςότητος
672 2971 723 3014 δὲ
753 2974 906 3014 ταῦτα
947 2969 1165 3020 λε’γονται
1195 2968 1269 3011 ὅτι
1295 2968 1435 3021 μέςον
1536 2967 1593 3020 δή
1626 2965 1686 3009 ad
1716 2970 1785 3020 97,
1817 2970 1839 3008 1
1863 2991 1916 2996 -
1937 2971 2032 3021 100,
2066 2971 2086 3008 1
2120 2965 2169 3023 (p
2200 2971 2255 3012 98
2285 2967 2427 3024 med.)

436 3041 484 3096 (l.
516 3042 646 3098 μέςα)
680 3042 794 3087 εἰςὶν
816 3042 1076 3096 ἀρςενικῶν
1098 3039 1174 3082 καὶ
1195 3040 1434 3094 θηλυκῶν,
1481 3039 1792 3091 μεταβατικοῦ
1834 3051 2003 3082 nomen
2041 3037 2187 3083 habet
2222 3039 2412 3095 praeter
2432 3034 2543 3082 'alia

434 3112 536 3156 οἷον
567 3116 685 3156 τῶν
725 3114 974 3167 εὐςεβῶν
1013 3111 1247 3165 ἀνδρῶν
1279 3110 1435 3154 εὐςε-
1537 3109 1588 3153 δέ
1620 3107 1907 3152 coniunctio:
1940 3108 2000 3152 ad
2030 3113 2101 3164 89,
2134 3114 2154 3152 1

436 3186 547 3237 βῶς
586 3185 883 3239 λεγόντων
923 3183 999 3226 καὶ
1037 3186 1154 3225 τῶν
1186 3181 1437 3235 εὐςεβῶν
1482 3181 1736 3235 μεταύριον
1755 3179 1947 3237 legebat
1963 3178 2106 3235 Syrus
2130 3185 2198 3236 74,
2224 3184 2281 3224 1?
2312 3179 2543 3242 Addenda

434 3259 726 3308 γυναικῶν
759 3256 1008 3309 εὐςεβῶς
1047 3255 1437 3308 περιπατούν-
1537 3266 1569 3308 p
1600 3249 1745 3295 XCIV
1779 3256 1829 3295 19

435 3340 553 3370 των
576 3326 625 3383 (l.
650 3329 1045 3382 περιπατουςῶν).
1084 3324 1278 3369 Prorsus
1300 3325 1439 3370 aliter
1482 3321 1723 3379 μετέχω.
1771 3323 2025 3378 μετέχουςα
2055 3322 2113 3366 de
2133 3321 2385 3380 participio
2406 3326 2476 3379 60,
2500 3327 2538 3366 2.

437 3396 664 3453 Georgius
703 3403 752 3443 Σ
787 3403 927 3453 94025:
974 3402 1032 3453 τῇ
1084 3402 1226 3453 φωνῇ
1272 3411 1325 3451 γε
1357 3411 1437 3441 κα·
1540 3395 1571 3450 †
1589 3394 1786 3450 μετέχον
1809 3393 1866 3438 de
1887 3393 2072 3437 nomine
2093 3392 2412 3438 metusiastico
2429 3397 2498 3448 45,
2518 3397 2540 3436 1

436 3463 584 3513 λεῑται
630 3470 907 3525 μεςότητος·
962 3469 1071 3523 μέςα
1120 3468 1208 3523 γὰρ
1254 3470 1436 3523 τρόπον
1483 3466 1514 3522 †
1531 3466 1909 3521 μετουςιαςτικὸν
1954 3465 2103 3518 ὄνομα
2147 3477 2311 3509 nomen
2347 3463 2541 3510 adiecti-

436 3541 542 3584 τινὰ
587 3541 839 3595 ὀνομάτων
883 3553 936 3583 τε
975 3542 1050 3583 καὶ
1090 3539 1438 3595 ἐπιρρημάτων.
1538 3550 1645 3580 vum
1667 3535 1788 3592 quod
1808 3535 2040 3591 siqnifflcat
2071 3536 2255 3592 aliquid
2276 3549 2332 3581 ex
2348 3535 2544 3580 materia

437 3612 522 3656 τὰς
569 3612 654 3666 μὲν
702 3613 791 3667 γὰρ
834 3612 1052 3666 ὑπάρξεις
1092 3611 1139 3656 ἐξ
1185 3610 1439 3665 ὀνομάτων
1538 3601 1703 3663 aliqua
1730 3607 1907 3661 factum
1936 3619 2047 3661 esse,
2087 3607 2308 3652 materiae
2343 3605 2545 3652 alicuius

1537 2614 1576 2657 3.
1603 2613 1666 2663 16,
1690 2614 1729 2653 7.
1751 2614 1819 2664 38,
1843 2617 1868 2654 3
1890 2610 1998 2666 (μεθ
2010 2611 2058 2664 ²).
2082 2614 2151 2666 86,
2175 2617 2214 2658 3.
2250 2615 2318 2665 92,
2338 2615 2364 2654 2
2381 2613 2487 2667 (μεθ
2499 2612 2542 2668 ’).
2606 2609 2611 2613 “

438 3685 610 3739 ἔχουςι,
650 3684 735 3728 τὰς
772 3683 823 3726 δὲ
861 3682 1136 3737 καταλήξεις
1167 3683 1243 3726 καὶ
1275 3682 1438 3726 ςυντά-

439 3757 527 3799 Ξεις
566 3756 612 3800 ἐξ
645 3754 999 3809 ἑπιῤῥημάτων,
1040 3753 1121 3796 ubi
1160 3753 1359 3797 alterum
1391 3752 1437 3797 ἐξ

439 3825 691 3870 delendum
724 3826 883 3870 censet
904 3823 1253 3868 Schoemannus
1282 3836 1440 3880 progr.

440 3897 702 3954 Gryphisw.
736 3900 844 3941 1860
874 3895 894 3939 Ι
933 3912 963 3954 p
999 3901 1063 3940 10.
1123 3894 1284 3938 Tertia
1313 3893 1440 3938 deni-

438 3982 529 4022 que
580 3967 907 4025 appellationis
955 3965 1308 4022 interpretatio,
1367 3964 1441 4008 cui

438 4053 607 4083 nomen
651 4037 822 4082 nobilis
871 4036 1167 4094 grammatici
1212 4035 1437 4093 subscrip-

438 4111 538 4152 tum
571 4112 665 4166 est,
699 4109 871 4164 legitur
901 4107 995 4151 EM
1026 4112 1148 4164 5819:
1182 4108 1439 4163 μεςότητος

1540 3691 1631 3723 esse
1652 3677 1890 3734 particeps
1920 3682 1988 3731 33,
2012 3682 2050 3722 5.
2084 3683 2153 3733 45,
2181 3682 2199 3721 1
2231 3675 2314 3722 ubi
2335 3676 2441 3722 vide
2464 3675 2542 3721 ad·

1538 3748 1841 3807 notationem.
1903 3761 1990 3792 nec
2020 3748 2265 3792 Armenius
2295 3760 2381 3792 nec
2401 3746 2543 3803 Syrus

1543 3819 1794 3875 (Addenda
1822 3818 1899 3864 XC
1935 3821 2004 3875 13)
2044 3833 2130 3863 nec
2167 3818 2429 3863 Priscianus
2465 3830 2542 3862 ne-

1542 3904 1632 3946 que
1663 3890 1943 3935 scholiastae
1975 3890 2252 3935 vetustiores
2291 3889 2412 3932 hanc
2442 3901 2540 3944 spe·

1541 3962 1659 4006 ciem
1709 3961 1757 4004 in
1807 3963 1906 4005 arte
1967 3961 2205 4019 legebant.
2285 3957 2541 4004 Herodiani

1540 4032 1822 4077 asseclarum
1851 4033 1995 4088 locos,
2026 4032 2107 4076 ubi
2133 4044 2303 4092 nomen
2324 4029 2538 4084 occurrit,

1538 4103 1614 4147 hic
1674 4103 1906 4160 exscripsi.
1997 4102 2322 4159 Theognostus
2371 4113 2536 4148 canon.
