2814 4400
0 123 41 161 fld-

0 164 34 219 {A

784 289 863 334 DE
895 288 1070 334 CODD.
1101 287 1456 334 MONACENSI
1486 288 1564 332 ΕΤ
1594 288 1867 333 LElDENSl
2299 289 2406 332 XIX

253 433 386 485 quae
423 417 636 483 praeter
672 418 840 469 artem
877 415 1265 483 Dionysianam
1302 418 1356 467 et
1391 414 1814 483 supplementum
1851 415 2069 467 tertium
2105 414 2233 466 olim
2268 415 2406 466 lecta

251 500 383 564 sint,
435 517 501 552 ex
549 499 728 552 codice
773 500 1019 553 Leidensi
1066 515 1461 567 cognoscemus.
1545 498 1636 550 sed
1683 498 1748 550 ad
1793 499 1948 551 huius
1995 498 2405 567 descriptionem

237 588 535 653 'antequam
571 601 886 653 pergarnus,
925 586 1112 652 aptum
1149 582 1251 635 erit
1286 583 1471 653 paucis
1508 581 1951 650 comprehendere
1978 601 2111 651 quae
2138 582 2201 634 de
2228 582 2407 635 Mona-

253 667 399 721 censi
447 667 736 736 exemplari
780 667 1053 736 hucusque
1101 667 1463 735 exposuimus,
1519 666 1736 718 adiectis
1780 667 2052 719 nonnullis
2100 684 2236 735 quae
2279 665 2407 719 hinc
2482 701 2499 720 .

208 770 230 804 5
252 753 561 806 coniectura
598 752 798 822 conligi
834 753 1073 821 possunt.

296 849 301 852 ·
392 834 577 898 Quat.
614 835 764 889 I——X
816 836 1066 889 interiere
1130 838 1343 903 praeter
1399 837 1650 904 quattuor
1702 835 1857 899 folia,
1916 853 2048 903 quae
2101 836 2408 904 fragmenta

250 920 470 973 technes
508 924 562 973 et
598 919 952 990 supplementi
988 920 1196 972 metrici
1232 920 1491 988 praebent
1527 926 1727 987 (nunc
1764 919 1791 970 f
1799 919 1859 971 ol
1899 919 2145 989 18-21).

391 1004 577 1066 Quat.
618 1003 707 1056 XI
750 1005 961 1073 integer
997 1006 1101 1057 est:
1149 1003 1364 1057 exhibet
1401 1004 1506 1057 alia
1542 1004 1787 1068 metrica,
1838 1004 2307 1057 commentationes
2345 1004 2409 1056 de

249 1087 576 1143 barbarismo
623 1089 931 1142 soloecismo
979 1088 1248 1157 dialectis,
1309 1088 1521 1141 initium
1559 1091 1882 1156 vconspectus
1929 1088 2218 1141 formarum
2261 1088 2408 1141 verbi

187 1195 229 1227 10
251 1174 432 1228 τύπτω
470 1175 676 1244 (nunc
712 1173 808 1226 fol
847 1174 1022 1243 1—8).
1927 1173 1929 1175 ’

390 1258 573 1320 Quat.
611 1257 733 1310 XII
768 1259 1004 1328 integer:
1052 1258 1216 1311 habet
1260 1258 1518 1328 reliquam
1563 1260 1768 1327 partem
1815 1258 1956 1310 illius
2006 1259 2318 1326 conspectus
2356 1262 2409 1310 et

248 1343 488 1396 tabulam
512 1343 799 1396 flexionum
822 1343 971 1396 verbi
995 1345 1180 1412 τίθημι,
1209 1343 1399 1396 deinde
1423 1343 1747 1413 principium
1773 1360 2035 1395 canonum
2059 1341 2408 1402 nominalium

251 1426 742 1488 Theodosianorum
782 1430 983 1495 (nunc
1018 1427 1119 1481 101
1155 1428 1371 1498 9—16).

390 1512 576 1575 Quat.
602 1511 770 1566 XIII
804 1512 1038 1582 integer:
1076 1513 1456 1566 continuantur
1491 1531 1724 1566 canones
1758 1512 2054 1564 nominales
2079 1510 2287 1582 (1111110
2311 1512 2335 1563 f
2347 1512 2407 1564 ol

187 1618 229 1651 15
253 1598 316 1650 17
356 1602 422 1650 et
456 1597 728 1669 22—28).
1511 1604 1516 1608 ”

390 1681 573 1744 Quat.
612 1681 762 1735 XIV
802 1683 1035 1752 integer:
1086 1683 1432 1735 absolvuntur
1469 1682 1764 1735 nominales
1802 1682 2041 1751 regulae,
2088 1680 2410 1734 incohantur

247 1766 481 1818 eiusdem
518 1766 801 1819 Theodosii
838 1767 1079 1820 verbales
1115 1765 1312 1838 (1111110
1350 1768 1446 1819 101
1480 1767 1731 1839 29—36).

387 1850 566 1912 Quat.
606 1849 717 1917 XV
755 1851 990 1920 integer:
1031 1851 1354 1915 continuati,
1393 1852 1484 1904 sed
1520 1870 1630 1904 non
1656 1851 1886 1904 absoluti
1913 1869 2142 1903 canones
2169 1850 2407 1903 verbales

246 1936 397 2004 sunt,
435 1953 757 2004 quamquam
794 1935 1016 1988 duorum
1053 1936 1302 1990 foliorum
1340 1937 1570 2006 spatium
1606 1937 1868 2006 reliquum
1907 1939 2020 1988 erat
2070 1934 2273 2005 (1111110
2309 1935 2336 1986 f
2345 1936 2403 1988 ol

182 2042 225 2074 20
246 2019 496 2092 37—44).
1068 2008 1090 2029 ⁶

389 2103 569 2166 Quat.
597 2104 751 2158 ⁴XVI
789 2109 843 2159 et
878 2105 1068 2159 XVII
1104 2108 1392 2175 perierunt.

389 2189 572 2251 Quat.
612 2185 831 2243 XVIII
870 2194 1095 2260 excepto
1132 2191 1263 2244 folio
1300 2192 1472 2260 primo
1510 2191 1698 2260 periit,
1737 2191 1874 2259 quod
1911 2191 2123 2243 initium
2159 2210 2406 2261 praecep-

246 2277 423 2326 torum
469 2274 532 2326 de
575 2274 851 2327 flectendis
905 2275 1212 2329 nominibus
1258 2277 1317 2329 in
1364 2296 1441 2332 ων
1492 2277 1853 2329 desinentibus
1907 2275 2122 2328 exhibet
2175 2276 2406 2347 (hodie

248 2358 347 2411 fo·l
381 2358 491 2430 45).

185 2467 225 2498 25
388 2444 616 2497 Restant
660 2445 1135 2513 quaterniones
1183 2447 1308 2499 duo
1356 2447 1606 2512 mutili,
1668 2464 1831 2498 unus
1874 2446 2143 2515 integer
2189 2446 2256 2497 ab
2303 2445 2408 2514 alia

248 2529 483 2582 eiusdem
529 2529 646 2581 aevi
693 2547 855 2581 manu
905 2530 1105 2599 scripti.
1179 2548 1400 2599 quorum
1446 2531 1619 2600 primo
1668 2530 1817 2583 deest
1862 2529 2112 2582 intimum
2158 2530 2407 2581 foliorum

196 2672 200 2674 ,
247 2632 366 2684 Ρ31;
394 2614 638 2667 continet
661 2614 707 2666 is
726 2615 954 2683 primam
973 2619 1182 2684 partem
1198 2616 1354 2668 lexici
1375 2614 1777 2686 orthographici
1796 2613 1906 2685 (ho
1920 2614 2020 2666 die
2045 2613 2407 2684 10146-51).

247 2699 380 2752 alter
426 2690 733 2769 quaternio,
790 2700 881 2768 qui
927 2700 1144 2769 plenum
1190 2700 1440 2753 foliorum
1488 2718 1769 2753 numerum
1812 2698 2003 2768 habet,
2060 2700 2407 2767 posteriorem

246 2787 454 2853 partem
492 2784 913 2837 commentarioli
950 2788 1118 2837 artem
1155 2784 1545 2854 Dionysianam
1583 2784 1947 2856 explanantiS‚
1987 2787 2207 2852 excepto
2246 2784 2408 2850 exitU,

183 2890 227 2922 30
247 2868 470 2937 praebet
505 2867 705 2939 (nunc
741 2867 834 2921 fol
860 2868 1108 2940 52-59),
1181 2870 1399 2938 tertius,
1439 2871 1530 2940 qui
1566 2888 1712 2922 nunc
1748 2869 1922 2937 primo
1960 2867 2089 2920 folio
2131 2871 2185 2919 et
2220 2868 2408 2920 ultimo

249 2957 423 3022 caret,
463 2952 679 3006 exhibet
712 2952 1034 3022 particulam
1072 2954 1195 3006 libri
1231 2954 1453 3007 Ioannis
1490 2953 1811 3006 Damasceni
1848 2952 1909 3023 (f
1915 2953 1977 3005 ol
2014 2952 2265 3023 60—65).
2336 2952 2410 3004 Et

249 3042 374 3091 ante
430 3038 832 3108 quaternionem
892 3038 1162 3108 integrum
1219 3042 1273 3090 et
1325 3042 1448 3107 post
1505 3056 1625 3091 eum
1668 3038 1984 3090 intercidere
2032 3037 2407 3104 quaterniones

247 3123 443 3192 plures,
518 3123 678 3175 etiam
714 3125 839 3191 post
877 3126 1172 3176 extremum
1211 3123 1407 3176 codicis
1444 3123 1633 3176 folium
1669 3122 1846 3191 plures
1886 3122 2132 3174 videntur
2170 3122 2406 3190 periisse.

388 3291 736 3346 Leidensis
793 3293 992 3345 codex
1041 3291 1133 3364 (L)
1188 3295 1268 3346 est
1314 3291 1699 3345 Vossianorum
1752 3309 2064 3361 graecorum
2120 3290 2408 3359 quadratae

185 3399 227 3434 35
249 3377 451 3430 formae
507 3378 928 3447 septuagesimus
994 3381 1174 3430 sextus
1236 3375 1377 3447 (vide
1434 3377 1753 3445 Catalogum
1808 3375 2066 3428 Biblioth.
2123 3373 2407 3444 Lugduno-

249 3461 491 3515 Batavae
527 3481 562 3532 Ρ
599 3462 744 3531 399).
819 3463 1062 3514 laudatur
1109 3463 1175 3513 ab
1215 3461 1599 3514 Valckenaerio
1647 3462 1704 3512 in
1750 3460 1918 3530 praef.
1958 3461 2023 3512 ad
2060 3460 2406 3512 Ammonium

249 3566 285 3616 p
309 3546 389 3600 XI
427 3549 481 3599 et
516 3547 574 3599 in
612 3547 963 3603 animadvers
998 3565 1034 3615 p
1060 3546 1164 3599 228
1182 3586 1197 3613 ,
1236 3565 1268 3599 a
1293 3545 1647 3598 PBurmanno
1686 3544 1754 3596 ad
1782 3544 1980 3598 Valesii
2017 3545 2212 3597 librum
2250 3544 2313 3595 de
2350 3562 2406 3595 re

251 3633 435 3684 critica
469 3630 495 3683 I
520 3649 556 3700 p
586 3631 713 3699 145,
753 3632 819 3684 ab
857 3631 1065 3684 Koenio
1104 3630 1170 3682 ad
1208 3630 1527 3700 Gregorium
1566 3629 1904 3683 Corinthium
1940 3648 1975 3698 p
2001 3629 2120 3684 301.
2186 3646 2407 3698 quarum

251 3715 708 3785 bybliothecarum
758 3716 886 3769 olim
931 3715 1118 3784 fuerit,
1171 3714 1413 3767 indicant
1457 3714 1588 3766 haec
1633 3715 1795 3767 verba
1838 3715 1895 3766 in
1943 3714 2107 3766 altero
2158 3713 2407 3764 foliorum

189 3822 231 3854 40
254 3819 285 3852 a
322 3800 643 3870 bybliopego
693 3801 1070 3869 praefixorum:
1125 3801 1219 3852 iste
1273 3800 1401 3852 liber
1446 3800 1581 3852 artis
1618 3800 1961 3867 yrammatiee
2007 3802 2080 3850 est
2122 3796 2408 3850 katedralis

254 3885 452 3939 ecclesie
490 3885 851 3953 luydunensi3‚
899 3884 1087 3937 deinde
1126 3884 1233 3936 alia
1269 3901 1455 3935 manu:
1502 3901 1643 3937 nune
1679 3884 1995 3937 Alexandri-
2016 3881 2223 3934 Petaviz'
2258 3897 2408 3933 sena-

254 3971 383 4023 toris
418 3988 455 4023 a
490 3970 720 4023 consiliis
755 3971 958 4023 seeretis
995 3969 1161 4023 Pauli
1195 3968 1297 4037 filii
1333 3985 1475 4021 anno
1511 3972 1650 4021 1647
1685 3968 1830 4038 (nam
1869 3967 1945 4018 sic
1982 3965 2186 4017 litterae
2211 3966 2406 4033 partim

256 4054 508 4107 evanidae
546 4054 795 4106 videntur
832 4053 1087 4122 legendae
1126 4051 1277 4122 esse).

2000 4133 2066 4175 b*

1628 4205 1656 4219 fl
