2814 4400
446 296 554 340 XIV
1307 292 1499 337 INDEX
1528 292 1743 337 EORVM

589 423 701 475 Iam
739 422 922 489 accipe
959 413 1190 473 indicem
1228 439 1410 473 eorum
1450 438 1583 489 quae
1621 420 1958 473 Monacensis
1997 419 2228 472 exhibet.

590 507 796 560 Folium
849 505 990 574 quod
1041 522 1185 557 nunc
1234 508 1314 557 est
1366 506 1596 573 primum
1645 505 1837 572 incipit
1883 505 1951 556 ab
1998 503 2082 555 his
2129 504 2327 572 verbiS,
2386 523 2610 573 quorum

447 595 806 644 atramentum
843 607 1015 660 paene
1053 592 1227 643 totum
1267 590 1497 658 evanuit,
1537 590 1626 642 sed
1663 607 1905 641 mansere
1939 588 2095 643 sulci:
2134 592 2228 643 τὰς
2256 592 2501 657 βραχείας
2525 592 2612 645 καὶ

447 678 608 744 μέςον
657 676 890 743 μακράν·
943 675 1186 743 βραχείος
1234 676 1424 740 ἐκλήθη
1474 675 1655 739 ἐπειδὴ
1706 675 1757 727 οἱ
1804 674 1959 734 ὕμνοι
1996 678 2104 728 τῶν
2143 678 2610 742 διθυραμβοποιῶν

448 763 584 827 πρὸς
621 761 871 815 διόνυςον
909 761 996 813 ἐπὶ
1032 760 1094 813 τὸ
1133 763 1383 813 πλεῑςτον
1411 761 1468 813 ἐκ
1491 760 1744 813 τοιούτου
1770 759 1966 824 μέτρου
1994 758 2145 812 εἰςίν·
2201 761 2611 827 παλιμβάκχειος
2632 780 2654 812 5

445 846 519 899 ὡς
567 846 704 911 πρὸς
749 847 811 898 τὸ
860 845 1127 900 ἀνάπαλιν
1173 845 1319 914 αὐτῷ
1367 846 1600 910 τρέχων·
1657 846 1871 909 χορεῖος
1909 843 1940 896 ὁ
1972 845 2076 896 -καὶ
2111 843 2393 910 τρίβραχυς
2429 844 2512 899 ὅτι
2549 846 2608 900 ἐν

444 934 631 996 χοροῖς
679 929 816 998 (cod.
856 930 1039 995 χόροις
1078 947 1140 981 ex
1188 931 1370 995 χόραις
1418 946 1602 981 rasura
1646 928 1876 996 factum)
1914 932 2166 983 τοιοῦτον
2205 930 2399 995 μέτρον
2438 930 2606 985 ἐςτίν·

445 1017 707 1081 μολοςςὸς
747 1016 856 1068 ἀπὸ
895 1017 1158 1081 μολοςςοῦ
1196 1018 1294 1068 τοῦ
1334 1014 1451 1067 υἱοῦ
1490 1013 1655 1078 τύρου
1693 1014 1777 1066 καὶ
1814 1012 2012 1078 ἀνδρος
2051 1013 2293 1079 μαχίτας·
2340 1015 2483 1084 ᾠδὰς
2506 1015 2609 1081 γὰρ

445 1101 690 1164 λέγουςιν
730 1100 787 1153 ἐν
825 1100 1058 1168 τοιούτῳ
1097 1100 1270 1169 μέτρῳ
1310 1100 1368 1153 ἐν
1405 1105 1480 1167 τῷ
1518 1099 1644 1168 ἱερῷ
1683 1102 1776 1163 τῆς
1813 1099 2072 1164 δωδώνης
2108 1100 2228 1164 περὶ
2264 1101 2360 1165 τὴν
2385 1099 2609 1166 ἤπειρον

443 1185 824 1250 πρὸς-μνήμην
865 1186 1128 1251 μολοςςοῦ
1168 1184 1457 1249 ἐκλήθηςαν
1490 1183 1710 1249 ὕςτερον
1739 1183 2004 1249 μολόςςια.
2067 1183 2156 1252 qui
2195 1183 2366 1236 exitus
2404 1187 2485 1237 est
2522 1202 2610 1237 ex·
2634 1204 2676 1236 ιο

443 1269 730 1337 positionis
769 1268 841 1320 de
880 1267 1105 1337 pedum
1152 1268 1562 1331 nominibuS,
1609 1285 1745 1336 quae
1782 1267 2058 1320 nonnullis
2096 1269 2318 1322 mutatis
2355 1269 2516 1322 etiam
2553 1269 2612 1321 in

441 1356 673 1406 tractatu
729 1352 1023 1405 Harleiano
1081 1353 1146 1404 ab
1204 1352 1488 1405 Gaisfordo
1543 1355 1668 1420 post
1714 1351 2167 1421 Hephaestionem
2224 1353 2367 1406 edito
2424 1372 2459 1423 p
2506 1353 2611 1407 322

442 1439 642 1508 legitur
679 1441 733 1490 et
770 1456 833 1490 ex
873 1437 1182 1490 Monacensi
1223 1437 1504 1506 descripta,
1543 1440 1604 1489 ut
1640 1437 1782 1490 infra
1819 1437 2134 1506 videbimu8‚
2181 1437 2239 1490 in
2277 1437 2457 1491 codice
2495 1437 2611 1491 Lei—

441 1524 590 1576 densi
620 1522 883 1576 Vossiano
923 1522 1106 1591 quadr.
1144 1523 1210 1575 76
1249 1541 1283 1591 p
1313 1522 1394 1575 78.
1463 1524 1604 1575 Ante
1641 1525 1736 1577 τὰς
1777 1525 2022 1591 βραχείας
2058 1524 2116 1575 in
2148 1519 2255 1576 hoc
2291 1523 2429 1576 libro
2466 1523 2611 1576 inve-

441 1609 687 1661 niuntur:
715 1609 1048 1676 ἀμφίβραχυς
1075 1608 1105 1661 ὁ
1132 1608 1273 1673 ἔχων
1301 1608 1647 1673 ἑκατέρωθεν.
1705 1627 1800 1677 pro
1830 1600 2073 1676 βραχείος
2097 1610 2246 1676 patet
2271 1607 2607 1682 scribendum
2634 1630 2677 1664 1⁵

416 1711 555 1746 esse
597 1697 861 1761 βακχεῖος,
900 1710 995 1761 pro
1033 1694 1198 1757 τύρου
1236 1694 1322 1746 καὶ
1359 1693 1559 1758 ἀνδρος
1585 1693 1822 1759 μαχίτας;
1862 1694 2086 1760 Πύρρου
2112 1684 2194 1748 καὶ
2221 1693 2610 1761 Ἀνδρομάχης·

441 1780 549 1843 τὰς,
575 1782 699 1830 ante
721 1779 1011 1843 ἐκλήθηςαν
1033 1778 1375 1830 inserendum
1398 1778 1695 1846 putaverim
1717 1779 1873 1844 αἵπερ
1896 1778 2110 1831 conlato
2131 1782 2281 1832 tract.
2304 1778 2611 1831 HarleianO.

584 1863 720 1915 Tum
759 1864 998 1932 sequitur
1035 1864 1090 1915 in
1132 1862 1314 1915 eadem
1353 1863 1552 1932 pagina
1591 1866 1645 1915 et
1682 1863 1932 1916 columna

936 1959 1111 2031 Περὶ
1151 1968 1306 2032 τοῩ
1344 1968 1746 2031 ἰΑΜΒικοῩ
1786 1961 2119 2034 ΜέτΡοΥ.

584 2063 803 2131 Incipit:
845 2065 920 2117 Τὸ
961 2064 1198 2129 ἰαμβικὸν
1237 2064 1433 2129 μέτρον
1473 2063 1758 2130 ἑξάμετρόν
1796 2065 1951 2134 ἐςτιν,
1989 2067 2261 2131 διαιρεῖται
2296 2067 2356 2119 δὲ
2394 2064 2467 2119 εἰς
2493 2066 2610 2119 δύο.
2633 2090 2676 2122 20

441 2149 626 2201 finitur
665 2149 809 2200 hisce
848 2148 1045 2200 verbis:
1088 2148 1146 2201 ἐν
1186 2150 1245 2201 δὲ
1281 2154 1344 2216 τῇ
1385 2148 1504 2217 ἕκτῃ
1542 2148 1735 2215 ἰἀμβον
1773 2151 1856 2203 καὶ
1894 2151 2193 2217 πυρρίχιον.
2264 2151 2446 2203 eadem
2485 2152 2612 2202 sunt

442 2252 574 2302 quae
624 2234 876 2302 leguntur
923 2233 978 2284 in
1026 2232 1240 2284 scholiis
1285 2249 1390 2285 rec.
1437 2231 1878 2300 Hephaestioneis
1926 2253 1960 2302 p
2006 2234 2393 2306 18127-18213
2441 2234 2611 2288 Gaisf.

446 2318 813 2387 15117---1523
867 2316 1139 2386 Westph.,
1202 2317 1258 2368 in
1319 2317 1610 2369 Anecdotis
1672 2317 1939 2370 Chisianis
1997 2319 2395 2388 Mangelsdorfii
2441 2338 2477 2389 p
2522 2313 2612 2387 24,

443 2406 600 2472 atque
648 2402 757 2471 legi
803 2403 965 2455 etiam
1014 2402 1071 2453 in
1118 2401 1232 2454 cod.
1271 2401 1517 2454 Parisino
1561 2402 1696 2455 1983
1736 2403 1848 2472 (qui
1895 2404 2107 2456 saeculo
2143 2403 2195 2457 X
2231 2404 2510 2476 tribuitur)
2545 2412 2610 2456 ex

445 2488 678 2541 Crameri
717 2487 993 2540 anecdotis
1029 2486 1148 2539 Par.
1188 2486 1213 2539 I
1251 2505 1285 2555 p
1323 2486 1428 2538 385
1466 2487 1803 2556 configimus,
1889 2489 2003 2541 vide
2043 2489 2185 2541 infra
2223 2508 2256 2558 p
2295 2487 2468 2556 XXV,
2500 2490 2545 2544 l.
2631 2513 2675 2547 86

586 2601 683 2654 Fol
725 2604 774 2652 1r
813 2601 896 2654 001
933 2600 986 2652 11
1188 2582 1337 2654 Περὶ
1377 2591 1514 2654 τοῩ
1553 2593 1907 2657 ἨΡωῙκοῩ

585 2688 659 2740 Τὸ
702 2688 935 2751 ἡρωϊκὸν
974 2687 1169 2753 μέτρον
1207 2687 1440 2739 καλεῖται
1476 2688 1572 2751 μὲν
1612 2687 1769 2757 ἔπος,
1808 2692 2081 2755 διαιρεῖται
2117 2692 2177 2744 δὲ
2215 2691 2290 2744 εἰς
2325 2691 2499 2745 πόδας
2537 2691 2609 2761 ἕξ,

445 2772 522 2826 ὧν
570 2772 600 2824 ὁ
650 2772 953 2825 τελευταῖός
1001 2772 1104 2824 ἐςτι
1152 2771 1492 2836 διςύλλαβος,
1542 2771 1591 2824 οἱ
1639 2774 1697 2825 δὲ
1746 2775 1927 2827 λοιποὶ
1973 2775 2283 2842 ἀδιάφοροι.
2356 2776 2610 2843 ποςότητι

444 2858 538 2922 μὲν
578 2856 678 2910 οὖν
718 2857 1015 2922 ἐπιδέχεται
1053 2855 1226 2910 πόδας
1263 2856 1334 2919 ἕξ,
1372 2855 1615 2922 ποιότητι
1651 2859 1709 2911 δὲ
1747 2859 1863 2924 δύο,
1903 2862 2189 2914 ςπονδεῖον
2215 2861 2299 2914 καὶ
2325 2861 2605 2916 δάκτυλον.

444 2943 529 2994 καὶ
576 2945 850 3007 διαιρεῖται
889 2943 984 3007 μὲν
1024 2941 1097 2995 εἰς
1141 2942 1306 3007 τομὰς
1345 2942 1429 2994 καὶ
1467 2941 1716 3007 ςχήματα.
1793 2945 2028 3010 ςχήματα
2065 2947 2160 3011 μὲν
2200 2945 2300 2999 οὖν
2340 2946 2488 3001 ἐπῶν
2527 2949 2605 3012 λβ,
2630 2966 2674 3000 30

446 3027 889 3092 δεκαςχημάτιςτα
939 3027 1066 3093 δύο,
1118 3026 1602 3092 πενταςχημάτιςτα
1651 3028 1777 3096 δύο,
1826 3030 2310 3095 μονοςχημάτιςτον
2351 3031 2426 3085 ἓν.
2501 3031 2607 3084 Δε-

445 3112 859 3177 καςχημάτιςτον
898 3113 994 3177 μὲν
1033 3111 1132 3164 οὖν
1171 3111 1303 3164 ἔπος
1343 3112 1550 3174 λέγεται
1588 3112 1650 3164 τὸ
1691 3113 1819 3178 ἔχον
1857 3117 1998 3180 τρεῖς
2035 3116 2360 3169 δακτύλους..
2403 3117 2608 3171 Πεντα-

447 3196 788 3261 ςχημάτιςτον
837 3199 895 3249 δὲ
944 3197 1077 3249 ἔπος
1125 3195 1262 3250 ἐςτὶν
1300 3197 1361 3250 τὸ
1402 3197 1531 3261 ἔχον
1571 3197 1821 3263 τέςςαρας
1861 3201 2156 3253 δακτύλους
2192 3201 2278 3253 καὶ
2315 3200 2412 3254 ἕνα
2447 3217 2607 3256 ςπον-

447 3282 618 3347 δεῖον,
667 3281 699 3344 ἢ
746 3282 807 3334 τὸ
848 3281 1156 3354 ἀνάπαλιν..
1211 3281 1720 3347 Μονοςχημάτιςτον
1760 3284 1819 3335 δέ
1867 3284 1971 3337 ἐςτι
2010 3286 2073 3338 τὸ
2112 3284 2243 3350 ἕχον
2282 3284 2447 3339 ὅλους
2484 3289 2606 3339 δακ-

445 3365 641 3417 τύλους
690 3366 720 3428 ἢ
771 3363 935 3417 ὅλους
983 3365 1314 3420 ςπονδείους.
1390 3366 1699 3434 quibuscum
1749 3366 1829 3418 cfr
1868 3366 2037 3420 Schol.
2076 3385 2179 3422 rec.
2218 3369 2276 3421 in
2312 3367 2605 3437 Hephaest.
2631 3390 2673 3423 35

452 3449 717 3517 17810—²8
756 3449 817 3503 G.
861 3448 1117 3518 14Ο,(,.--31
1166 3447 1251 3500 W.
1293 3467 1353 3501 ac
1391 3449 1513 3501 vide
1550 3449 1693 3502 infra
1730 3469 1764 3519 p
1803 3450 1973 3518 XXV,
2001 3453 2050 3509 3.

590 3547 710 3611 Εἴδη
739 3547 944 3612 μέτρων
973 3547 1106 3599 ἐςτὶν
1135 3547 1315 3601 ἐννέα·
1358 3547 1612 3616 ἰαμβικόν,
1655 3549 1870 3604 ἰωνικὸν
1898 3551 2006 3605 ἀπὸ
2034 3554 2291 3617 μείζονος,
2330 3553 2432 3606 ἀπ’
2456 3552 2606 3607 ἐλάς-

448 3648 605 3685 ςονος
655 3630 788 3699 (cod.
828 3631 938 3684 ἀπὸ
990 3633 1168 3697 μεῖζον
1218 3632 1316 3685 ἀπ’
1356 3632 1626 3703 ἐλὰςςον),
1676 3633 2079 3699 ἀναπαιςτικόν,
2128 3638 2421 3692 παιωνικόν
2469 3637 2606 3704 (cod.

445 3716 734 3784 πιονικόν).
812 3720 1019 3768 ceterae
1058 3716 1260 3783 species
1299 3716 1506 3769 desunt.

588 3815 711 3880 Ἔθη
750 3814 956 3881 μέτρων
994 3812 1132 3882 (cod.
1161 3815 1391 3884 μετρῶν)
1427 3816 1570 3882 τρία·
1610 3819 1963 3885 τριτομόριον,
2002 3819 2233 3889 ἡμίεπες,
2275 3820 2604 3887 βουκολικὸν.
2626 3841 2668 3876 ιο

448 3899 795 3964 Τριτομόριόν
843 3899 980 3951 ἐςτιν
1018 3897 1107 3951 ὅτ’
1144 3899 1208 3951 ἂν
1237 3899 1267 3951 ὁ
1295 3900 1544 3966 δεύτερος
1568 3906 1703 3955 ποῦς
1741 3901 1864 3973 (sic)
1902 3903 2241 3969 ἀπαρτίζηται
2269 3902 2407 3975 (cod.
2434 3904 2602 3971 ἀπαρ-

446 3982 660 4051 τίζεται)
710 3983 781 4037 εἰς
827 3983 985 4048 μέρος
1033 3983 1223 4046 λόγου,
1274 3983 1395 4036 οἷον
1446 3985 1576 4054 «[οἱ]
1617 3987 1923 4053 Τηλέμαχος
1961 3987 2120 4054 φίλος
2168 3989 2282 4042 υἱὸς
2319 3989 2602 4056 Ὀδυςςῆος

449 4067 658 4119 Θείοιο».
707 4068 762 4135 (ο
802 4068 886 4119 63.
926 4067 1031 4119 554
1078 4066 1218 4123 alibi.
1277 4066 1388 4118 cod.
1430 4067 1698 4124 ὀδυςςείος
1737 4072 1922 4141 θέϊου.)
1997 4073 2239 4138 Ἡμίεπες
2277 4074 2363 4142 δέ,
2411 4072 2497 4127 ὅτ’
2536 4075 2602 4129 ἂν
