2808 4394
1348 1015 1404 1076 A

291 1134 335 1175 ὅ
366 1130 526 1173 littera
563 1129 736 1173 vocalis
774 1134 822 1182 9,
845 1134 870 1171 2
902 1129 950 1172 et
979 1133 1017 1174 7.
1052 1129 1115 1182 [9,
1137 1126 1194 1183 8].
1231 1132 1303 1181 10,
1325 1131 1351 1168 2
1396 1119 1521 1181 ᾅδω
1571 1126 1841 1182 exemplum
1898 1127 2065 1171 tertiae
2118 1127 2449 1184 barytonorum

347 1202 397 1245 et
415 1205 454 1247 4,
481 1205 546 1253 15,
567 1206 607 1243 3,
634 1203 698 1253 16,
720 1204 746 1242 2
767 1199 817 1242 et
835 1203 862 1242 4
879 1203 928 1242 et
948 1203 987 1242 5.
1010 1224 1059 1230 -
1084 1197 1349 1254 exemplum
1455 1197 1796 1253 coniugationis
1827 1201 1896 1251 55,
1919 1203 1957 1242 3.
1991 1223 2042 1229 —
2075 1200 2202 1254 ᾄδειν
2231 1204 2272 1253 8,
2293 1204 2319 1243 6

346 1271 554 1327 syllabae
589 1275 658 1323 17,
679 1275 704 1312 2
1392 1263 1555 1324 ἀετός
1586 1268 1851 1325 exemplum
1875 1267 2060 1325 generis
2091 1269 2303 1325 epicoeni
2331 1276 2401 1326 25,
2424 1278 2449 1315 2

287 1343 317 1386 ἆ
346 1342 395 1384 in
425 1340 628 1385 Bekkeri
657 1339 862 1384 editione
893 1345 935 1394 9,
957 1343 998 1384 8.
1035 1345 1103 1396 17,
1126 1346 1151 1383 2
1386 1332 1610 1394 Ἀθ-ἧναι
1642 1338 1907 1396 exemplum
1938 1339 2176 1383 nominum
2206 1354 2317 1385 voce
2348 1342 2450 1398 plu-

289 1419 332 1472 ζῑ
363 1412 682 1469 diphthongus
702 1411 749 1454 in
771 1411 970 1455 flexione
994 1411 1225 1455 secundae
1248 1424 1346 1455 ver·
1448 1409 1633 1464 radium,
1665 1409 1711 1453 vi
1741 1410 2046 1466 singularium
2076 1416 2145 1467 31,
2169 1416 2197 1455 4

345 1482 510 1527 borum
558 1481 959 1526 circumflexorum
1005 1481 1347 1539 coniugationis
1390 1475 1711 1541 ἀθροίσεως
1741 1481 1978 1536 adverbia,
2003 1481 2129 1537 apud
2150 1482 2320 1527 latinos
2341 1485 2450 1528 arti-

344 1558 397 1598 58
399 1587 415 1609 ,
435 1560 462 1598 3
1446 1551 1649 1608 graphos
1660 1552 1972 1609 conyreya‘ndi
1981 1553 2054 1617 vel
2063 1554 2450 1610 communicandi,

286 1630 356 1693 effi.
407 1640 502 1683 ἀπὸ
541 1643 626 1684 τοῦ
668 1630 723 1693 ἆῙΞ
761 1639 890 1694 μέχρι
919 1642 1006 1682 τοῦ
1038 1643 1078 1682 ’ὦ
1124 1637 1347 1694 legebant
1446 1627 1514 1676 81,
1541 1628 1560 1665 l

342 1709 557 1753 nonnulli
587 1710 865 1754 scholiastae
896 1714 937 1764 9,
960 1714 998 1752 2.
1031 1709 1099 1752 cfr
1112 1708 1343 1752 Addenda
1389 1694 1670 1749 ἀθΡΟΙΕΊῚΚΟῙ
1693 1695 1937 1749 (ύνδέῑμῡῑ
1964 1694 2024 1739 ab
2042 1695 2290 1752 ΑΡΟῙῙΟΠῘΟ
2311 1696 2446 1752 Dysc-

340 1796 371 1838 p
402 1780 590 1824 LXXIX
621 1785 673 1823 21
1443 1766 1602 1821 (atque
1620 1766 1729 1808 ante
1741 1763 2096 1820 Dyscolumiam
2110 1766 2446 1823 abTryphone)

284 1845 461 1909 ἄβαλε
500 1851 767 1907 exemplum
807 1850 1134 1894 adverbiorum
1173 1849 1341 1906 optati·
1442 1835 1806 1913 appellabanfflqr
1876 1835 2021 1880 haece
2085 1836 2447 1891 coniunctiones,

339 1935 502 1966 vorum
521 1927 641 1976 76,4.
659 1935 744 1979 pro
760 1934 855 1965 una
871 1935 982 1965 voce
999 1911 1182 1978 accepit
1198 1921 1339 1965 etiam
1442 1920 1558 1963 quas
1588 1906 1835 1963 Dionysms
1864 1919 1958 1950 una
1987 1920 2092 1950 cum
2132 1909 2217 1961 μέν
2246 1910 2297 1954 δέ
2328 1910 2447 1954 ἀλλά

339 1993 616 2049 Apononius
653 1993 731 2045 D„
776 2006 863 2050 pro
904 1992 1089 2036 duabus
1129 1992 1175 2048 (ἆ
1212 1992 1355 2047 βάλε),
1442 1978 1592 2033 αὐτάρ
1622 1977 1725 2021 aliis
1755 1979 1803 2020 in
1826 1980 2181 2032 ευμπλεκτικῶν
2200 1993 2445 2024 numerum

339 2063 656 2109 Herodianus:
689 2064 750 2108 ad
781 2069 848 2119 76,
870 2068 897 2107 4
1441 2047 1600 2102 refert,
1631 2061 1716 2092 nos
1748 2048 1871 2092 solas
1899 2048 2189 2104 copulativae
2210 2065 2445 2108 nuncupa-

278 2129 744 2193 Ἀγαμεμνονίδης
762 2133 1029 2190 exemplum
1049 2133 1249 2178 nominis
1262 2133 1339 2177 de·
1441 2133 1564 2162 1111133
1598 2118 1674 2163 Καί
1703 2119 1757 2163 Τέ
1788 2120 1837 2163 0¹³
1854 2119 2067 2176 poeticae
2099 2121 2218 2175 ἠμέν
2248 2123 2332 2177 ἠδέ
2363 2123 2444 2177 ἰδέ,

339 2205 584 2263 compositi
614 2212 684 2260 29,
706 2210 730 2249 7
1442 2205 1482 2235 v.
1517 2189 1577 2233 ad
1597 2194 1666 2244 89,
1692 2195 1712 2232 1
1746 2191 1795 2233 et
1824 2190 1892 2233 cfr
1921 2190 2210 2246 copulativae
2228 2191 2276 2235 in
2298 2192 2444 2237 latino

276 2271 629 2334 Ἀγαμέμνων
673 2276 937 2333 exemplum
977 2275 1177 2320 nominis
1215 2289 1338 2320 com-
1441 2260 1611 2304 indice.
1663 2261 1947 2315 (ἀθροιετικὰ
1992 2263 2204 2315 ὀνόματα
2249 2264 2443 2321 Apollo-

337 2347 479 2404 positj
509 2352 580 2403 29,
604 2351 630 2390 6
1441 2331 1544 2375 nius
1573 2332 1691 2388 synt.
1723 2336 1791 2385 42,
1827 2337 1880 2376 24
1910 2345 1967 2376 ea
1996 2333 2187 2376 nomina
2217 2334 2442 2390 appellat,
2512 2332 2516 2336 ’

281 2413 423 2477 ἄγαν
452 2418 718 2476 exemplum
740 2417 1071 2462 adverbiorum
1091 2417 1340 2462 intentivo·
1442 2416 1564 2457 quae
1586 2402 1836 2458 DiODYSiUS
1854 2407 1924 2457 40,
1945 2408 1971 2446 4
1992 2406 2308 2460 περῑληπτῑκὰ
2326 2421 2442 2450 nun-

336 2504 441 2533 rum
471 2494 539 2544 84,
565 2495 587 2533 1
1443 2474 1608 2531 cupat,
1648 2487 1731 2517 nos
1761 2473 1994 2518 collectiva
2023 2473 2222 2518 dicimus
2252 2479 2442 2522 auctore

281 2553 380 2618 ἄγε
418 2560 682 2616 exemplum
722 2558 1048 2604 adverbiorum
1082 2559 1340 2605 hortativo-
1443 2544 1696 2599 Priseiano)

335 2646 440 2675 mm
469 2636 542 2687 82,
566 2637 585 2674 1
1386 2615 1570 2670 ἀθρόως
1602 2614 1788 2658 videtur
1817 2615 2053 2672 scripsisse
2085 2615 2140 2660 D.
2179 2630 2265 2674 pro
2296 2620 2442 2675 ἄρδην

279 2699 559 2760 ἀγεληδόν
588 2701 855 2758 exemplum
877 2701 1207 2747 adverbiorum
1230 2715 1341 2758 qua·
1442 2691 1511 2740 81,
1546 2690 1593 2729 1³
1625 2684 1857 2729 Addessda
1885 2700 1916 2742 Ρ
1947 2685 2094 2731 XCVI
2129 2692 2180 2731 12

335 2773 482 2817 litafflg
513 2777 582 2826 75,
607 2779 627 2816 1
1385 2763 1445 2802 ἦ
1475 2755 1796 2814 diphthongus
1828 2761 1896 2813 10,
1930 2761 1970 2801 5.
2005 2762 2071 2813 10,
2104 2762 2132 2802 8

279 2844 424 2899 ἀγκάε
469 2844 656 2889 videtur
693 2843 942 2888 Armenius
990 2844 1158 2900 legisse
1200 2849 1277 2899 75,
1317 2850 1338 2888 1
1385 2827 1653 2884 Αἰακίδης
1684 2840 1755 2870 ex·
1785 2828 2215 2884 patronymicorum
2248 2844 2277 2874 a
2296 2832 2441 2877 maio-

337 2917 460 2960 inber
490 2915 716 2959 adverbia
744 2916 999 2971 ποιότητος
1440 2913 1544 2942 rum
1573 2897 1841 2942 nominibus
1872 2898 2192 2944 derivatorum
2223 2906 2291 2956 26,
2325 2907 2345 2946 1

280 2989 411 3043 ἄγρει
440 2985 633 3042 legebat
652 2985 932 3030 Heliodorus
962 2987 1086 3030 inter
1113 2987 1339 3031 adverbia
1382 2968 1518 3027 Αἴας
1553 2968 1821 3025 exemplum
1849 2969 2120 3026 homonymi
2148 2975 2217 3025 36,
2241 2977 2281 3019 2.
2311 2973 2442 3029 prior

334 3056 574 3101 hortativa
602 3060 671 3107 82,
706 3061 759 3099 1?
792 3056 895 3101 vide
926 3057 1084 3101 adnot.
1439 3041 1621 3098 syllaba
1651 3039 1918 3096 exemplum
1958 3039 2239 3098 diphthongi
2269 3043 2439 3101 longae

278 3122 448 3188 ἀγρός
488 3126 755 3183 exemplum
784 3127 984 3183 praebess
1014 3128 1222 3184 syllabae
1252 3142 1335 3184 po,
1443 3117 1512 3168 18,
1545 3116 1585 3155 3.
1614 3135 1671 3143 —-
1700 3111 1899 3156 Αἴαντος
1929 3110 1976 3154 in
2008 3113 2225 3169 exemplo
2256 3127 2441 3172 compa-

334 3198 501 3242 giffione
531 3197 700 3254 longae
732 3202 799 3252 19,
825 3204 844 3241 1
1437 3183 1598 3227 rativi:
1632 3183 1870 3236 Ἀχιλλεὺς
1890 3182 2214 3240 ἀνδρειότερος
2235 3185 2303 3229 Αἴ.
2324 3190 2393 3241 27,
2412 3190 2441 3230 4

278 3271 409 3325 ἄγχω
442 3263 708 3326 exemplum
731 3269 962 3313 secundae
985 3269 1235 3314 verborum
1257 3271 1336 3315 ba-
1382 3255 1472 3300 αἰεί
1503 3254 1696 3297 fortasse
1726 3252 1917 3308 legebat
1945 3253 1996 3295 in
2026 3255 2126 3298 arte
2147 3253 2313 3300 Sextus
2332 3255 2440 3300 Em-

334 3343 605 3396 rytonorum
629 3339 971 3397 coniugationis
993 3340 1119 3397 apud
1139 3339 1337 3384 Priscia—
1437 3324 1611 3382 PiriCUS
1641 3336 1722 3379 pro
1754 3323 1866 3368 Αἶα(
1901 3328 1966 3376 18,
1997 3329 2024 3368 3

334 3425 459 3464 num,
491 3412 573 3465 qui
599 3409 843 3454 claudium
866 3411 1119 3468 Didymum
1151 3413 1335 3456 seeussug
1381 3395 1516 3442 αἴθε
1538 3409 1608 3441 ex.
1633 3393 1963 3439 adverbiorum
1986 3395 2302 3451 optativorum
2323 3403 2390 3454 76,
2410 3404 2438 3443 4

335 3483 419 3535 est,
454 3482 503 3524 et
532 3481 658 3537 apud.
687 3480 996 3526 Macrobium:
1034 3483 1095 3526 ad
1125 3487 1195 3539 55,
1219 3488 1244 3526 2
1380 3478 1632 3527 Αἰολέων
1673 3478 1865 3535 propria
1907 3479 2175 3524 nominatur
2211 3484 2433 3540 patrony-

276 3546 631 3608 ἀδιάπῖωῖθς
648 3553 1197 3609 πΡΟΦΟΡάΡΥΟὮΨηΐΊῖαΐίΟ
1213 3555 1339 3598 omni
1436 3565 1662 3608 micorum
1691 3563 1960 3609 terminatio
1991 3568 2118 3610 αδιοε
2150 3571 2217 3621 26,
2249 3574 2275 3612 3

334 3623 472 3678 lapsu
500 3635 660 3666 0¹1⁹·ssstss
688 3627 733 3677 6,
754 3628 780 3668 5
1381 3635 1551 3682 αἰτία.
1580 3637 1662 3680 ἐπ’
1692 3635 1910 3680 ἀποδόεει
1941 3636 2090 3681 αἰτίας
2121 3643 2189 3692 93,
2216 3643 2251 3681 1.
2284 3663 2339 3670 —
2369 3640 2437 3684 αἰ-

278 3694 557 3748 *ἅδῑάφθβῡί
616 3692 674 3736 de
734 3694 899 3738 Ulffima
947 3709 1106 3740 VOI'SUS
1156 3696 1548 3752 syllaba-HEC
1583 3706 1791 3763 genuina
1821 3706 2056 3764 scriptura
2086 3708 2156 3751 est
2184 3721 2269 3763 pro
2300 3711 2430 3754 vetu-

337 3769 431 3818 122,
455 3769 519 3810 10·
553 3768 696 3818 123,5
1436 3778 1631 3822 stiorum
1677 3777 1812 3822 codd.
1860 3778 2122 3834 αἰτιατικὴν
2166 3783 2244 3834 32,
2292 3785 2329 3824 1.
2378 3806 2434 3813 —

280 3875 330 3881 —
353 3851 515 3905 αδιος
538 3849 778 3893 nominum
798 3852 1225 3908 patronymicorum
1245 3846 1335 3895 ter·
1436 3848 1562 3904 αἰτίη
1594 3847 1807 3904 dactylus
1839 3850 1910 3893 est
1939 3850 2048 3893 ante
2071 3849 2285 3895 vocalem
2306 3852 2433 3907 apud

338 3919 544 3972 minatio,
579 3933 673 3974 qua
703 3921 871 3964 Aeoles
901 3923 1110 3977 utuntur,
1141 3927 1211 3978 26,
1235 3928 1259 3966 2
1436 3920 1692 3963 Homerum
1723 3924 1790 3973 20,
1824 3924 1849 3963 6

272 3983 594 4049 Ἀδρηστίνη
619 3991 884 4047 exemplum
906 3994 1334 4049 patronymicorum
1380 3988 1658 4045 αἰτιατικὴ
1678 3994 1853 4035 πτῶει(
1877 4003 2009 4035 casus
2026 3990 2107 4045 qui
2122 3990 2433 4038 dicituraccu-

335 4058 663 4104 femininorum
693 4064 762 4115 26,
785 4065 811 4106 5
1265 4064 1272 4070 ”
1436 4061 1615 4109 sativus
1643 4064 1713 4119 31,
1747 4065 1785 4104 5.
1825 4064 1893 4117 32,
1926 4065 1965 4105 1.
2017 4060 2275 4121 αἰτιατικῆς
2303 4067 2373 4120 67,
2404 4070 2432 4113 4
