<?xml version="1.0" encoding="UTF-8"?>
<!DOCTYPE html PUBLIC "-//W3C//DTD XHTML 1.0 Transitional//EN"
    "http://www.w3.org/TR/xhtml1/DTD/xhtml1-transitional.dtd">
<html xmlns="http://www.w3.org/1999/xhtml" xml:lang="en" lang="en">
 <head>
  <title>
</title>
<meta http-equiv="Content-Type" content="text/html;charset=utf-8" />
  <meta name='ocr-system' content='tesseract 3.04.00' />
  <meta name='ocr-capabilities' content='ocr_page ocr_carea ocr_par ocr_line ocrx_word'/>
</head>
<body>
  <div class='ocr_page' id='page_1' title='image "./dionysiithracisa00dionuoft_0015.png"; bbox 0 0 2814 4400; ppageno 0'>
   <div class='ocr_carea' id='block_1_1' title="bbox 775 304 2374 360">
    <p class='ocr_par' dir='ltr' id='par_1_1' title="bbox 775 304 2374 360">
     <span class='ocr_line' id='line_1_1' title="bbox 775 304 2374 360; baseline 0.002 -11"><span class='ocrx_word' id='word_1_1' title='bbox 775 305 938 360; x_wconf 82' lang='lat' dir='ltr'><strong>QVAE</strong></span> <span class='ocrx_word' id='word_1_2' title='bbox 970 305 1101 350; x_wconf 89' lang='lat' dir='ltr'>COD.</span> <span class='ocrx_word' id='word_1_3' title='bbox 1137 304 1524 350; x_wconf 85' lang='lat' dir='ltr'>MONACENSIS</span> <span class='ocrx_word' id='word_1_4' title='bbox 1556 306 1823 350; x_wconf 84' lang='lat' dir='ltr'><strong>EXHIBET</strong></span> <span class='ocrx_word' id='word_1_5' title='bbox 1930 312 1938 322; x_wconf 88' lang='lat'>&#39;</span> <span class='ocrx_word' id='word_1_6' title='bbox 2291 308 2374 352; x_wconf 92' lang='lat' dir='ltr'>XV</span> 
     </span>
    </p>
   </div>
   <div class='ocr_carea' id='block_1_2' title="bbox 148 432 2377 2612">
    <p class='ocr_par' dir='ltr' id='par_1_2' title="bbox 148 432 2377 2612">
     <span class='ocr_line' id='line_1_2' title="bbox 221 432 2375 502; baseline -0.002 -12"><span class='ocrx_word' id='word_1_7' title='bbox 221 437 253 490; x_wconf 85' lang='grc' dir='ltr'>ὁ</span> <span class='ocrx_word' id='word_1_8' title='bbox 290 435 465 502; x_wconf 90' lang='grc' dir='ltr'>τρίτος</span> <span class='ocrx_word' id='word_1_9' title='bbox 502 437 642 488; x_wconf 86' lang='grc' dir='ltr'>ποῦς</span> <span class='ocrx_word' id='word_1_10' title='bbox 680 434 1023 500; x_wconf 85' lang='grc' dir='ltr'>ἀπαρτίζηται</span> <span class='ocrx_word' id='word_1_11' title='bbox 1059 432 1132 485; x_wconf 90' lang='grc' dir='ltr'>εἰς</span> <span class='ocrx_word' id='word_1_12' title='bbox 1169 433 1328 498; x_wconf 93' lang='grc' dir='ltr'>μέρος</span> <span class='ocrx_word' id='word_1_13' title='bbox 1366 434 1560 501; x_wconf 89' lang='grc' dir='ltr'>λόγου,</span> <span class='ocrx_word' id='word_1_14' title='bbox 1611 433 1731 487; x_wconf 88' lang='grc' dir='ltr'>οἷον</span> <span class='ocrx_word' id='word_1_15' title='bbox 1772 433 2012 500; x_wconf 86' lang='grc' dir='ltr'>«ἀνδρῶν</span> <span class='ocrx_word' id='word_1_16' title='bbox 2052 435 2375 500; x_wconf 90' lang='grc' dir='ltr'>μνηςτήρων.</span> 
     </span>
     <span class='ocr_line' id='line_1_3' title="bbox 220 516 2374 587; baseline -0.001 -14"><span class='ocrx_word' id='word_1_17' title='bbox 220 521 310 585; x_wconf 82' lang='grc' dir='ltr'>ἔχε</span> <span class='ocrx_word' id='word_1_18' title='bbox 361 522 419 572; x_wconf 84' lang='grc' dir='ltr'>δὲ</span> <span class='ocrx_word' id='word_1_19' title='bbox 467 519 667 584; x_wconf 80' lang='grc' dir='ltr'>ῥάβδον</span> <span class='ocrx_word' id='word_1_20' title='bbox 716 520 846 585; x_wconf 88' lang='grc' dir='ltr'>μετὰ</span> <span class='ocrx_word' id='word_1_21' title='bbox 892 517 1092 584; x_wconf 86' lang='grc' dir='ltr'>χερςίν»</span> <span class='ocrx_word' id='word_1_22' title='bbox 1145 518 1213 584; x_wconf 88' lang='grc' dir='ltr'>(ω</span> <span class='ocrx_word' id='word_1_23' title='bbox 1251 517 1299 571; x_wconf 85' lang='grc'>2.</span> <span class='ocrx_word' id='word_1_24' title='bbox 1349 516 1511 568; x_wconf 84' lang='lat' dir='ltr'>codex</span> <span class='ocrx_word' id='word_1_25' title='bbox 1560 516 1708 587; x_wconf 83' lang='grc' dir='ltr'>εἶχε).</span> <span class='ocrx_word' id='word_1_26' title='bbox 1787 519 2109 572; x_wconf 86' lang='grc' dir='ltr'>Βουκολικὸν</span> <span class='ocrx_word' id='word_1_27' title='bbox 2149 519 2207 571; x_wconf 89' lang='grc' dir='ltr'>δέ</span> <span class='ocrx_word' id='word_1_28' title='bbox 2256 519 2374 587; x_wconf 88' lang='grc' dir='ltr'>ἐςτι,</span> 
     </span>
     <span class='ocr_line' id='line_1_4' title="bbox 223 600 2375 668; baseline -0 -12"><span class='ocrx_word' id='word_1_29' title='bbox 223 605 311 657; x_wconf 77' lang='grc' dir='ltr'>ὅτ&gt;</span> <span class='ocrx_word' id='word_1_30' title='bbox 350 605 415 657; x_wconf 86' lang='grc' dir='ltr'>ἂν</span> <span class='ocrx_word' id='word_1_31' title='bbox 454 603 485 655; x_wconf 90' lang='grc' dir='ltr'>ὁ</span> <span class='ocrx_word' id='word_1_32' title='bbox 523 605 775 668; x_wconf 90' lang='grc' dir='ltr'>τέταρτος</span> <span class='ocrx_word' id='word_1_33' title='bbox 812 606 950 655; x_wconf 85' lang='grc' dir='ltr'>ποῦς</span> <span class='ocrx_word' id='word_1_34' title='bbox 987 600 1332 667; x_wconf 86' lang='grc' dir='ltr'>ἀπαρτίζηται</span> <span class='ocrx_word' id='word_1_35' title='bbox 1371 601 1445 653; x_wconf 89' lang='grc' dir='ltr'>εἰς</span> <span class='ocrx_word' id='word_1_36' title='bbox 1483 601 1644 666; x_wconf 92' lang='grc' dir='ltr'>μέρος</span> <span class='ocrx_word' id='word_1_37' title='bbox 1682 602 1863 665; x_wconf 86' lang='grc' dir='ltr'>λόγου,</span> <span class='ocrx_word' id='word_1_38' title='bbox 1905 602 2025 656; x_wconf 85' lang='grc' dir='ltr'>οἷον</span> <span class='ocrx_word' id='word_1_39' title='bbox 2065 603 2279 668; x_wconf 87' lang='grc' dir='ltr'>«Ἑρμῆς</span> <span class='ocrx_word' id='word_1_40' title='bbox 2318 605 2375 655; x_wconf 81' lang='grc' dir='ltr'>δὲ</span> 
     </span>
     <span class='ocr_line' id='line_1_5' title="bbox 221 684 2374 755; baseline -0.002 -13"><span class='ocrx_word' id='word_1_41' title='bbox 221 690 398 755; x_wconf 89' lang='grc' dir='ltr'>ψυχὰς</span> <span class='ocrx_word' id='word_1_42' title='bbox 439 689 732 752; x_wconf 88' lang='grc' dir='ltr'>Κυλλήνιος</span> <span class='ocrx_word' id='word_1_43' title='bbox 782 687 1106 743; x_wconf 80' lang='grc' dir='ltr'>ἐξεκαλεῖτο»</span> <span class='ocrx_word' id='word_1_44' title='bbox 1147 688 1212 752; x_wconf 91' lang='grc' dir='ltr'>(ω</span> <span class='ocrx_word' id='word_1_45' title='bbox 1254 685 1299 737; x_wconf 94' lang='grc'>1.</span> <span class='ocrx_word' id='word_1_46' title='bbox 1339 684 1502 736; x_wconf 85' lang='lat' dir='ltr'><strong>codex</strong></span> <span class='ocrx_word' id='word_1_47' title='bbox 1540 685 1690 750; x_wconf 90' lang='grc' dir='ltr'>κοίλη</span> <span class='ocrx_word' id='word_1_48' title='bbox 1729 687 1860 750; x_wconf 89' lang='grc' dir='ltr'>νηὸς</span> <span class='ocrx_word' id='word_1_49' title='bbox 1906 704 2002 753; x_wconf 89' lang='lat' dir='ltr'>pro</span> <span class='ocrx_word' id='word_1_50' title='bbox 2045 688 2374 752; x_wconf 90' lang='grc' dir='ltr'>Κυλλήνιος).</span> 
     </span>
     <span class='ocr_line' id='line_1_6' title="bbox 175 769 2376 838; baseline -0 -12"><span class='ocrx_word' id='word_1_51' title='bbox 175 794 198 826; x_wconf 71' lang='grc' dir='ltr'>ο</span> <span class='ocrx_word' id='word_1_52' title='bbox 363 773 488 837; x_wconf 89' lang='grc' dir='ltr'>Γένη</span> <span class='ocrx_word' id='word_1_53' title='bbox 536 773 743 838; x_wconf 88' lang='grc' dir='ltr'>μέτρων</span> <span class='ocrx_word' id='word_1_54' title='bbox 783 770 916 838; x_wconf 86' lang='lat' dir='ltr'>(cod.</span> <span class='ocrx_word' id='word_1_55' title='bbox 957 772 1184 836; x_wconf 85' lang='grc' dir='ltr'>μετρῶν)</span> <span class='ocrx_word' id='word_1_56' title='bbox 1225 769 1317 822; x_wconf 88' lang='grc' dir='ltr'>εἰςὶ</span> <span class='ocrx_word' id='word_1_57' title='bbox 1354 769 1479 822; x_wconf 90' lang='grc' dir='ltr'>δύο·</span> <span class='ocrx_word' id='word_1_58' title='bbox 1530 771 1805 833; x_wconf 82' lang='grc' dir='ltr'>μονοειδὲς</span> <span class='ocrx_word' id='word_1_59' title='bbox 1842 774 2030 831; x_wconf 89' lang='grc' dir='ltr'>ποῑον;</span> <span class='ocrx_word' id='word_1_60' title='bbox 2082 773 2376 826; x_wconf 82' lang='grc' dir='ltr'>Μονοειδὲς</span> 
     </span>
     <span class='ocr_line' id='line_1_7' title="bbox 219 854 2374 923; baseline 0 -14"><span class='ocrx_word' id='word_1_61' title='bbox 219 857 315 922; x_wconf 82' lang='grc' dir='ltr'>μέν</span> <span class='ocrx_word' id='word_1_62' title='bbox 353 857 455 910; x_wconf 88' lang='grc' dir='ltr'>ἐςτι</span> <span class='ocrx_word' id='word_1_63' title='bbox 493 858 555 908; x_wconf 88' lang='grc' dir='ltr'>τὸ</span> <span class='ocrx_word' id='word_1_64' title='bbox 596 857 649 912; x_wconf 84' lang='grc' dir='ltr'>ἐξ</span> <span class='ocrx_word' id='word_1_65' title='bbox 686 857 808 910; x_wconf 87' lang='grc' dir='ltr'>ἑνὸς</span> <span class='ocrx_word' id='word_1_66' title='bbox 845 854 1022 909; x_wconf 87' lang='grc' dir='ltr'>εἴδους</span> <span class='ocrx_word' id='word_1_67' title='bbox 1060 855 1414 920; x_wconf 91' lang='grc' dir='ltr'>ςυγκείμενον.</span> <span class='ocrx_word' id='word_1_68' title='bbox 1487 854 1663 908; x_wconf 87' lang='grc' dir='ltr'>Ποῖον</span> <span class='ocrx_word' id='word_1_69' title='bbox 1702 855 1761 907; x_wconf 92' lang='grc' dir='ltr'>δέ</span> <span class='ocrx_word' id='word_1_70' title='bbox 1800 854 1903 908; x_wconf 92' lang='grc' dir='ltr'>ἐςτι</span> <span class='ocrx_word' id='word_1_71' title='bbox 1942 856 2004 908; x_wconf 90' lang='grc' dir='ltr'>τὸ</span> <span class='ocrx_word' id='word_1_72' title='bbox 2043 856 2248 923; x_wconf 83' lang='grc' dir='ltr'>μικτόν;</span> <span class='ocrx_word' id='word_1_73' title='bbox 2300 857 2374 910; x_wconf 88' lang='grc' dir='ltr'>Τό</span> 
     </span>
     <span class='ocr_line' id='line_1_8' title="bbox 217 939 1189 1005; baseline -0.002 -13"><span class='ocrx_word' id='word_1_74' title='bbox 217 939 277 992; x_wconf 85' lang='grc' dir='ltr'>ἐκ</span> <span class='ocrx_word' id='word_1_75' title='bbox 313 941 595 1005; x_wconf 89' lang='grc' dir='ltr'>διαφόρων</span> <span class='ocrx_word' id='word_1_76' title='bbox 634 940 793 994; x_wconf 85' lang='grc' dir='ltr'>εἰδῶν</span> <span class='ocrx_word' id='word_1_77' title='bbox 831 939 1189 1004; x_wconf 89' lang='grc' dir='ltr'>ςυγκείμενον.</span> 
     </span>
     <span class='ocr_line' id='line_1_9' title="bbox 166 1021 2374 1091; baseline 0 -14"><span class='ocrx_word' id='word_1_78' title='bbox 166 1021 168 1023; x_wconf 58' lang='grc'><strong><em>’</em></strong></span> <span class='ocrx_word' id='word_1_79' title='bbox 359 1025 479 1090; x_wconf 82' lang='grc' dir='ltr'>Εἴδη</span> <span class='ocrx_word' id='word_1_80' title='bbox 505 1027 687 1091; x_wconf 83' lang='grc' dir='ltr'>τομῶν</span> <span class='ocrx_word' id='word_1_81' title='bbox 714 1024 829 1087; x_wconf 87' lang='grc' dir='ltr'>δύο,</span> <span class='ocrx_word' id='word_1_82' title='bbox 867 1023 929 1076; x_wconf 91' lang='grc' dir='ltr'>τὸ</span> <span class='ocrx_word' id='word_1_83' title='bbox 955 1024 1086 1077; x_wconf 90' lang='grc' dir='ltr'>κατὰ</span> <span class='ocrx_word' id='word_1_84' title='bbox 1114 1023 1357 1086; x_wconf 90' lang='grc' dir='ltr'>ςυζυγίαν</span> <span class='ocrx_word' id='word_1_85' title='bbox 1384 1024 1467 1075; x_wconf 86' lang='grc' dir='ltr'>καὶ</span> <span class='ocrx_word' id='word_1_86' title='bbox 1492 1024 1554 1076; x_wconf 92' lang='grc' dir='ltr'>τὸ</span> <span class='ocrx_word' id='word_1_87' title='bbox 1581 1023 1710 1075; x_wconf 84' lang='grc' dir='ltr'>κατὰ</span> <span class='ocrx_word' id='word_1_88' title='bbox 1741 1023 1899 1075; x_wconf 88' lang='grc' dir='ltr'>πόδα.</span> <span class='ocrx_word' id='word_1_89' title='bbox 1967 1024 2106 1076; x_wconf 87' lang='grc' dir='ltr'>Κατὰ</span> <span class='ocrx_word' id='word_1_90' title='bbox 2133 1025 2374 1087; x_wconf 91' lang='grc' dir='ltr'>ςυζυγίαν</span> 
     </span>
     <span class='ocr_line' id='line_1_10' title="bbox 217 1107 2375 1176; baseline -0 -14"><span class='ocrx_word' id='word_1_91' title='bbox 217 1109 312 1174; x_wconf 87' lang='grc' dir='ltr'>μέν</span> <span class='ocrx_word' id='word_1_92' title='bbox 352 1109 455 1162; x_wconf 90' lang='grc' dir='ltr'>ἐςτί</span> <span class='ocrx_word' id='word_1_93' title='bbox 492 1127 610 1163; x_wconf 93' lang='grc' dir='ltr'>τινα</span> <span class='ocrx_word' id='word_1_94' title='bbox 647 1109 680 1161; x_wconf 86' lang='grc' dir='ltr'>ἃ</span> <span class='ocrx_word' id='word_1_95' title='bbox 717 1109 983 1173; x_wconf 87' lang='grc' dir='ltr'>τέμνεται,</span> <span class='ocrx_word' id='word_1_96' title='bbox 1033 1107 1151 1162; x_wconf 83' lang='grc' dir='ltr'>οἷον</span> <span class='ocrx_word' id='word_1_97' title='bbox 1191 1108 1322 1176; x_wconf 84' lang='grc' dir='ltr'>&lt;τὸ&gt;</span> <span class='ocrx_word' id='word_1_98' title='bbox 1359 1107 1664 1172; x_wconf 86' lang='grc' dir='ltr'>τροχαϊκόν.</span> <span class='ocrx_word' id='word_1_99' title='bbox 1739 1111 1900 1160; x_wconf 84' lang='grc' dir='ltr'>τοῦτο</span> <span class='ocrx_word' id='word_1_100' title='bbox 1939 1108 2040 1172; x_wconf 89' lang='grc' dir='ltr'>γὰρ</span> <span class='ocrx_word' id='word_1_101' title='bbox 2079 1108 2135 1160; x_wconf 88' lang='grc' dir='ltr'>ἐκ</span> <span class='ocrx_word' id='word_1_102' title='bbox 2175 1110 2375 1161; x_wconf 89' lang='grc' dir='ltr'>παντὸς</span> 
     </span>
     <span class='ocr_line' id='line_1_11' title="bbox 154 1191 2373 1259; baseline -0 -14"><span class='ocrx_word' id='word_1_103' title='bbox 154 1215 195 1246; x_wconf 89' lang='lat'>10</span> <span class='ocrx_word' id='word_1_104' title='bbox 217 1195 423 1259; x_wconf 86' lang='grc' dir='ltr'>τρόπου</span> <span class='ocrx_word' id='word_1_105' title='bbox 447 1193 693 1259; x_wconf 88' lang='grc' dir='ltr'>βούλεται</span> <span class='ocrx_word' id='word_1_106' title='bbox 719 1194 814 1258; x_wconf 86' lang='grc' dir='ltr'>τὴν</span> <span class='ocrx_word' id='word_1_107' title='bbox 843 1193 1086 1256; x_wconf 90' lang='grc' dir='ltr'>ςυζυγίαν</span> <span class='ocrx_word' id='word_1_108' title='bbox 1114 1192 1418 1257; x_wconf 85' lang='grc' dir='ltr'>ἀπαρτίζειν</span> <span class='ocrx_word' id='word_1_109' title='bbox 1446 1191 1517 1244; x_wconf 91' lang='grc' dir='ltr'>εἰς</span> <span class='ocrx_word' id='word_1_110' title='bbox 1543 1192 1703 1257; x_wconf 88' lang='grc' dir='ltr'>μέρος</span> <span class='ocrx_word' id='word_1_111' title='bbox 1724 1193 1905 1254; x_wconf 84' lang='grc' dir='ltr'>λόγου,</span> <span class='ocrx_word' id='word_1_112' title='bbox 1935 1192 2054 1245; x_wconf 87' lang='grc' dir='ltr'>οἷον</span> <span class='ocrx_word' id='word_1_113' title='bbox 2083 1193 2314 1246; x_wconf 83' lang='grc' dir='ltr'>«θάςςων</span> <span class='ocrx_word' id='word_1_114' title='bbox 2342 1195 2373 1256; x_wconf 83' lang='grc' dir='ltr'>ἣ</span> 
     </span>
     <span class='ocr_line' id='line_1_12' title="bbox 215 1275 2373 1346; baseline -0.001 -16"><span class='ocrx_word' id='word_1_115' title='bbox 215 1278 365 1343; x_wconf 90' lang='grc' dir='ltr'>μέχρι</span> <span class='ocrx_word' id='word_1_116' title='bbox 400 1279 702 1344; x_wconf 89' lang='grc' dir='ltr'>προβαίνω»</span> <span class='ocrx_word' id='word_1_117' title='bbox 741 1276 882 1346; x_wconf 82' lang='lat' dir='ltr'>(lege</span> <span class='ocrx_word' id='word_1_118' title='bbox 920 1280 1126 1331; x_wconf 88' lang='grc' dir='ltr'>θᾶςςον.</span> <span class='ocrx_word' id='word_1_119' title='bbox 1190 1276 1331 1328; x_wconf 86' lang='lat' dir='ltr'>unde</span> <span class='ocrx_word' id='word_1_120' title='bbox 1359 1275 1647 1346; x_wconf 73' lang='lat' dir='ltr'>sumpta‘P).</span> <span class='ocrx_word' id='word_1_121' title='bbox 1712 1277 1851 1329; x_wconf 88' lang='grc' dir='ltr'>Κατὰ</span> <span class='ocrx_word' id='word_1_122' title='bbox 1884 1278 1941 1329; x_wconf 81' lang='grc' dir='ltr'>δὲ</span> <span class='ocrx_word' id='word_1_123' title='bbox 1982 1276 2127 1329; x_wconf 93' lang='grc' dir='ltr'>πόδα</span> <span class='ocrx_word' id='word_1_124' title='bbox 2158 1275 2278 1330; x_wconf 86' lang='grc' dir='ltr'>οἷον</span> <span class='ocrx_word' id='word_1_125' title='bbox 2312 1278 2373 1329; x_wconf 88' lang='grc' dir='ltr'>τὸ</span> 
     </span>
     <span class='ocr_line' id='line_1_13' title="bbox 214 1360 1291 1430; baseline -0.003 -15"><span class='ocrx_word' id='word_1_126' title='bbox 214 1361 463 1427; x_wconf 85' lang='grc' dir='ltr'>ἡρωϊκόν.</span> <span class='ocrx_word' id='word_1_127' title='bbox 539 1379 600 1414; x_wconf 82' lang='lat' dir='ltr'>ae</span> <span class='ocrx_word' id='word_1_128' title='bbox 637 1361 756 1414; x_wconf 88' lang='lat' dir='ltr'>vide</span> <span class='ocrx_word' id='word_1_129' title='bbox 794 1361 937 1413; x_wconf 86' lang='lat' dir='ltr'><strong>infra</strong></span> <span class='ocrx_word' id='word_1_130' title='bbox 973 1380 1007 1430; x_wconf 92' lang='lat' dir='ltr'>p</span> <span class='ocrx_word' id='word_1_131' title='bbox 1045 1360 1215 1427; x_wconf 90' lang='lat' dir='ltr'>XXV,</span> <span class='ocrx_word' id='word_1_132' title='bbox 1242 1362 1291 1414; x_wconf 83' lang='lat'>5.</span> 
     </span>
     <span class='ocr_line' id='line_1_14' title="bbox 355 1443 2373 1516; baseline 0.001 -19"><span class='ocrx_word' id='word_1_133' title='bbox 355 1443 452 1497; x_wconf 87' lang='lat' dir='ltr'>Fol</span> <span class='ocrx_word' id='word_1_134' title='bbox 495 1447 548 1496; x_wconf 72' lang='lat' dir='ltr'>1v</span> <span class='ocrx_word' id='word_1_135' title='bbox 595 1445 679 1498; x_wconf 88' lang='lat' dir='ltr'>col</span> <span class='ocrx_word' id='word_1_136' title='bbox 715 1445 768 1498; x_wconf 94' lang='lat' dir='ltr'>II</span> <span class='ocrx_word' id='word_1_137' title='bbox 816 1446 1149 1499; x_wconf 76' lang='lat' dir='ltr'><strong>subiciuntur</strong></span> <span class='ocrx_word' id='word_1_138' title='bbox 1194 1448 1479 1515; x_wconf 76' lang='lat' dir='ltr'>praecepta</span> <span class='ocrx_word' id='word_1_139' title='bbox 1527 1446 1599 1498; x_wconf 88' lang='lat' dir='ltr'>de</span> <span class='ocrx_word' id='word_1_140' title='bbox 1654 1448 1862 1498; x_wconf 76' lang='lat' dir='ltr'>metro</span> <span class='ocrx_word' id='word_1_141' title='bbox 1921 1446 2236 1516; x_wconf 80' lang='lat' dir='ltr'>elegiaco.</span> <span class='ocrx_word' id='word_1_142' title='bbox 2311 1447 2373 1499; x_wconf 90' lang='grc' dir='ltr'>τὸ</span> 
     </span>
     <span class='ocr_line' id='line_1_15' title="bbox 216 1531 2375 1599; baseline 0 -16"><span class='ocrx_word' id='word_1_143' title='bbox 216 1531 592 1599; x_wconf 84' lang='grc' dir='ltr'>ἐλεγ&lt;ε&gt;ιακόν</span> <span class='ocrx_word' id='word_1_144' title='bbox 618 1531 811 1597; x_wconf 89' lang='grc' dir='ltr'>μέτρον</span> <span class='ocrx_word' id='word_1_145' title='bbox 838 1531 1204 1598; x_wconf 90' lang='grc' dir='ltr'>πεντάμετρόν</span> <span class='ocrx_word' id='word_1_146' title='bbox 1232 1532 1360 1584; x_wconf 91' lang='grc' dir='ltr'>ἐςτι·</span> <span class='ocrx_word' id='word_1_147' title='bbox 1400 1532 1561 1585; x_wconf 85' lang='grc' dir='ltr'>πέντε</span> <span class='ocrx_word' id='word_1_148' title='bbox 1586 1531 1688 1596; x_wconf 89' lang='grc' dir='ltr'>γὰρ</span> <span class='ocrx_word' id='word_1_149' title='bbox 1716 1531 1895 1596; x_wconf 91' lang='grc' dir='ltr'>χώρας</span> <span class='ocrx_word' id='word_1_150' title='bbox 1922 1531 2243 1597; x_wconf 90' lang='grc' dir='ltr'>ἐπιδέχεται·</span> <span class='ocrx_word' id='word_1_151' title='bbox 2282 1532 2375 1584; x_wconf 86' lang='grc' dir='ltr'>τὰς</span> 
     </span>
     <span class='ocr_line' id='line_1_16' title="bbox 151 1615 2377 1682; baseline -0 -13"><span class='ocrx_word' id='word_1_152' title='bbox 151 1636 192 1669; x_wconf 88' lang='lat'>15</span> <span class='ocrx_word' id='word_1_153' title='bbox 217 1616 311 1680; x_wconf 82' lang='grc' dir='ltr'>μὲν</span> <span class='ocrx_word' id='word_1_154' title='bbox 371 1615 471 1668; x_wconf 79' lang='grc' dir='ltr'>οὖν</span> <span class='ocrx_word' id='word_1_155' title='bbox 529 1619 671 1681; x_wconf 82' lang='grc' dir='ltr'>τρεῖς</span> <span class='ocrx_word' id='word_1_156' title='bbox 720 1617 1056 1682; x_wconf 89' lang='grc' dir='ltr'>ςυγκειμένας</span> <span class='ocrx_word' id='word_1_157' title='bbox 1107 1617 1216 1669; x_wconf 90' lang='grc' dir='ltr'>ἀπὸ</span> <span class='ocrx_word' id='word_1_158' title='bbox 1265 1616 1528 1669; x_wconf 86' lang='grc' dir='ltr'>δακτύλου</span> <span class='ocrx_word' id='word_1_159' title='bbox 1573 1617 1656 1668; x_wconf 85' lang='grc' dir='ltr'>καὶ</span> <span class='ocrx_word' id='word_1_160' title='bbox 1702 1616 2012 1668; x_wconf 91' lang='grc' dir='ltr'>ςπονδείου·</span> <span class='ocrx_word' id='word_1_161' title='bbox 2075 1617 2245 1670; x_wconf 89' lang='grc' dir='ltr'>ἐνίοτε</span> <span class='ocrx_word' id='word_1_162' title='bbox 2292 1618 2377 1669; x_wconf 86' lang='grc' dir='ltr'>καὶ</span> 
     </span>
     <span class='ocr_line' id='line_1_17' title="bbox 214 1698 2374 1769; baseline 0 -18"><span class='ocrx_word' id='word_1_163' title='bbox 214 1698 556 1765; x_wconf 88' lang='grc' dir='ltr'>ἀμφίμακρον</span> <span class='ocrx_word' id='word_1_164' title='bbox 595 1702 681 1753; x_wconf 86' lang='grc' dir='ltr'>καὶ</span> <span class='ocrx_word' id='word_1_165' title='bbox 715 1701 1130 1766; x_wconf 89' lang='grc' dir='ltr'>παλιμβάκχειον</span> <span class='ocrx_word' id='word_1_166' title='bbox 1169 1700 1375 1765; x_wconf 90' lang='grc' dir='ltr'>δέχεται</span> <span class='ocrx_word' id='word_1_167' title='bbox 1415 1699 1605 1766; x_wconf 84' lang='lat' dir='ltr'>(codex</span> <span class='ocrx_word' id='word_1_168' title='bbox 1643 1699 1810 1769; x_wconf 87' lang='grc' dir='ltr'>δέται)</span> <span class='ocrx_word' id='word_1_169' title='bbox 1849 1700 1880 1763; x_wconf 87' lang='grc' dir='ltr'>ἡ</span> <span class='ocrx_word' id='word_1_170' title='bbox 1920 1701 2103 1765; x_wconf 87' lang='grc' dir='ltr'>πρώτη</span> <span class='ocrx_word' id='word_1_171' title='bbox 2142 1702 2228 1752; x_wconf 89' lang='grc' dir='ltr'>καὶ</span> <span class='ocrx_word' id='word_1_172' title='bbox 2258 1705 2374 1753; x_wconf 88' lang='grc' dir='ltr'>δευ-</span> 
     </span>
     <span class='ocr_line' id='line_1_18' title="bbox 211 1783 2376 1850; baseline 0.001 -15"><span class='ocrx_word' id='word_1_173' title='bbox 211 1784 341 1847; x_wconf 88' lang='grc' dir='ltr'>τέρα</span> <span class='ocrx_word' id='word_1_174' title='bbox 380 1784 554 1850; x_wconf 86' lang='grc' dir='ltr'>χώρα,</span> <span class='ocrx_word' id='word_1_175' title='bbox 593 1785 859 1847; x_wconf 85' lang='grc' dir='ltr'>καθαροὺς</span> <span class='ocrx_word' id='word_1_176' title='bbox 897 1785 1078 1849; x_wconf 88' lang='grc' dir='ltr'>μέντοι</span> <span class='ocrx_word' id='word_1_177' title='bbox 1116 1783 1198 1836; x_wconf 87' lang='grc' dir='ltr'>καὶ</span> <span class='ocrx_word' id='word_1_178' title='bbox 1237 1784 1295 1838; x_wconf 90' lang='grc' dir='ltr'>ἐν</span> <span class='ocrx_word' id='word_1_179' title='bbox 1328 1784 1469 1838; x_wconf 85' lang='grc' dir='ltr'>τάξει</span> <span class='ocrx_word' id='word_1_180' title='bbox 1510 1784 1773 1837; x_wconf 88' lang='grc' dir='ltr'>δακτύλου</span> <span class='ocrx_word' id='word_1_181' title='bbox 1810 1785 2098 1849; x_wconf 89' lang='grc' dir='ltr'>κειμένους.</span> <span class='ocrx_word' id='word_1_182' title='bbox 2157 1786 2376 1850; x_wconf 84' lang='grc' dir='ltr'>καθαροὶ</span> 
     </span>
     <span class='ocr_line' id='line_1_19' title="bbox 192 1866 2375 1937; baseline 0.001 -18"><span class='ocrx_word' id='word_1_183' title='bbox 192 1867 271 1919; x_wconf 77' lang='grc' dir='ltr'>·δέ</span> <span class='ocrx_word' id='word_1_184' title='bbox 319 1866 471 1934; x_wconf 79' lang='grc' dir='ltr'>εἰςιν,</span> <span class='ocrx_word' id='word_1_185' title='bbox 521 1867 607 1919; x_wconf 74' lang='grc' dir='ltr'>ὅτ’</span> <span class='ocrx_word' id='word_1_186' title='bbox 645 1868 711 1922; x_wconf 88' lang='grc' dir='ltr'>ἂν</span> <span class='ocrx_word' id='word_1_187' title='bbox 757 1867 1131 1933; x_wconf 91' lang='grc' dir='ltr'>ἀπαρτίζονται</span> <span class='ocrx_word' id='word_1_188' title='bbox 1172 1867 1296 1936; x_wconf 84' lang='lat' dir='ltr'><strong>(sic)</strong></span> <span class='ocrx_word' id='word_1_189' title='bbox 1337 1867 1409 1920; x_wconf 88' lang='grc' dir='ltr'>εἰς</span> <span class='ocrx_word' id='word_1_190' title='bbox 1447 1869 1605 1933; x_wconf 92' lang='grc' dir='ltr'>μέρος</span> <span class='ocrx_word' id='word_1_191' title='bbox 1644 1869 1813 1931; x_wconf 92' lang='grc' dir='ltr'>λόγου</span> <span class='ocrx_word' id='word_1_192' title='bbox 1851 1870 1936 1921; x_wconf 89' lang='grc' dir='ltr'>καὶ</span> <span class='ocrx_word' id='word_1_193' title='bbox 1974 1869 2116 1937; x_wconf 88' lang='grc' dir='ltr'>&lt;εἰς&gt;</span> <span class='ocrx_word' id='word_1_194' title='bbox 2154 1872 2375 1935; x_wconf 89' lang='grc' dir='ltr'>φωνῆεν</span> 
     </span>
     <span class='ocr_line' id='line_1_20' title="bbox 211 1950 2370 2023; baseline 0.002 -20"><span class='ocrx_word' id='word_1_195' title='bbox 211 1952 244 2015; x_wconf 84' lang='grc' dir='ltr'>ἢ</span> <span class='ocrx_word' id='word_1_196' title='bbox 283 1950 355 2004; x_wconf 89' lang='grc' dir='ltr'>εἰς</span> <span class='ocrx_word' id='word_1_197' title='bbox 402 1953 666 2018; x_wconf 85' lang='grc' dir='ltr'>ςυλλαβὴν</span> <span class='ocrx_word' id='word_1_198' title='bbox 714 1953 949 2016; x_wconf 84' lang='grc' dir='ltr'>καθαρὰν</span> <span class='ocrx_word' id='word_1_199' title='bbox 989 1954 1238 2017; x_wconf 89' lang='grc' dir='ltr'>λήγουςιν</span> <span class='ocrx_word' id='word_1_200' title='bbox 1280 1951 1399 2022; x_wconf 82' lang='lat' dir='ltr'>(sic)</span> <span class='ocrx_word' id='word_1_201' title='bbox 1437 1954 1522 2005; x_wconf 87' lang='grc' dir='ltr'>καὶ</span> <span class='ocrx_word' id='word_1_202' title='bbox 1557 1954 1652 2017; x_wconf 90' lang='grc' dir='ltr'>τὴν</span> <span class='ocrx_word' id='word_1_203' title='bbox 1691 1953 1808 2016; x_wconf 79' lang='grc' dir='ltr'>ἑξῆς</span> <span class='ocrx_word' id='word_1_204' title='bbox 1847 1952 2058 2018; x_wconf 84' lang='grc' dir='ltr'>ἐχουςιν</span> <span class='ocrx_word' id='word_1_205' title='bbox 2097 1952 2220 2023; x_wconf 81' lang='lat' dir='ltr'>(sie)</span> <span class='ocrx_word' id='word_1_206' title='bbox 2261 1953 2370 2007; x_wconf 91' lang='grc' dir='ltr'>ἀπὸ</span> 
     </span>
     <span class='ocr_line' id='line_1_21' title="bbox 148 2035 2375 2106; baseline 0.001 -18"><span class='ocrx_word' id='word_1_207' title='bbox 148 2057 191 2088; x_wconf 80' lang='lat'>20</span> <span class='ocrx_word' id='word_1_208' title='bbox 214 2037 532 2101; x_wconf 88' lang='grc' dir='ltr'>φωνήεντος</span> <span class='ocrx_word' id='word_1_209' title='bbox 569 2035 894 2103; x_wconf 84' lang='grc' dir='ltr'>ἀρχομένην,</span> <span class='ocrx_word' id='word_1_210' title='bbox 935 2035 1055 2090; x_wconf 83' lang='grc' dir='ltr'>οἷον</span> <span class='ocrx_word' id='word_1_211' title='bbox 1095 2037 1180 2089; x_wconf 89' lang='grc' dir='ltr'>ἐπὶ</span> <span class='ocrx_word' id='word_1_212' title='bbox 1218 2038 1312 2102; x_wconf 81' lang='grc' dir='ltr'>μὲν</span> <span class='ocrx_word' id='word_1_213' title='bbox 1350 2041 1447 2090; x_wconf 85' lang='grc' dir='ltr'>τοῦ</span> <span class='ocrx_word' id='word_1_214' title='bbox 1487 2037 1846 2106; x_wconf 89' lang='grc' dir='ltr'>ἀμφιμάκρου,</span> <span class='ocrx_word' id='word_1_215' title='bbox 1885 2038 1959 2090; x_wconf 79' lang='grc' dir='ltr'>ὡς</span> <span class='ocrx_word' id='word_1_216' title='bbox 1985 2039 2047 2091; x_wconf 89' lang='grc' dir='ltr'>τὸ</span> <span class='ocrx_word' id='word_1_217' title='bbox 2089 2038 2180 2091; x_wconf 79' lang='grc' dir='ltr'>«οὔ</span> <span class='ocrx_word' id='word_1_218' title='bbox 2207 2039 2255 2090; x_wconf 91' lang='grc' dir='ltr'>τί</span> <span class='ocrx_word' id='word_1_219' title='bbox 2288 2056 2375 2102; x_wconf 90' lang='grc' dir='ltr'>μοι</span> 
     </span>
     <span class='ocr_line' id='line_1_22' title="bbox 212 2118 2374 2190; baseline 0.001 -18"><span class='ocrx_word' id='word_1_220' title='bbox 212 2118 344 2185; x_wconf 87' lang='grc' dir='ltr'>αἰτίη</span> <span class='ocrx_word' id='word_1_221' title='bbox 384 2121 520 2173; x_wconf 86' lang='grc' dir='ltr'>ἐςςί»</span> <span class='ocrx_word' id='word_1_222' title='bbox 558 2122 629 2188; x_wconf 71' lang='lat' dir='ltr'>&lt;f</span> <span class='ocrx_word' id='word_1_223' title='bbox 670 2121 830 2190; x_wconf 85' lang='lat'>146&gt;·</span> <span class='ocrx_word' id='word_1_224' title='bbox 881 2122 967 2174; x_wconf 90' lang='grc' dir='ltr'>ἐπὶ</span> <span class='ocrx_word' id='word_1_225' title='bbox 1005 2123 1064 2174; x_wconf 81' lang='grc' dir='ltr'>δὲ</span> <span class='ocrx_word' id='word_1_226' title='bbox 1109 2125 1206 2174; x_wconf 81' lang='grc' dir='ltr'>τοῦ</span> <span class='ocrx_word' id='word_1_227' title='bbox 1244 2122 1685 2189; x_wconf 90' lang='grc' dir='ltr'>παλιμβακχείου,</span> <span class='ocrx_word' id='word_1_228' title='bbox 1726 2121 1800 2173; x_wconf 81' lang='grc' dir='ltr'>ὡς</span> <span class='ocrx_word' id='word_1_229' title='bbox 1838 2123 1900 2174; x_wconf 91' lang='grc' dir='ltr'>τὸ</span> <span class='ocrx_word' id='word_1_230' title='bbox 1942 2123 2220 2188; x_wconf 84' lang='grc' dir='ltr'>«πλάγχθη</span> <span class='ocrx_word' id='word_1_231' title='bbox 2260 2123 2374 2175; x_wconf 88' lang='grc' dir='ltr'>ἐπεὶ</span> 
     </span>
     <span class='ocr_line' id='line_1_23' title="bbox 211 2204 2372 2279; baseline 0 -22"><span class='ocrx_word' id='word_1_232' title='bbox 211 2204 437 2270; x_wconf 86' lang='grc' dir='ltr'>Τροίης»</span> <span class='ocrx_word' id='word_1_233' title='bbox 479 2206 547 2273; x_wconf 90' lang='grc' dir='ltr'>&lt;α</span> <span class='ocrx_word' id='word_1_234' title='bbox 583 2204 668 2279; x_wconf 66' lang='grc'>2).</span> <span class='ocrx_word' id='word_1_235' title='bbox 743 2205 802 2259; x_wconf 89' lang='grc' dir='ltr'>Ἡ</span> <span class='ocrx_word' id='word_1_236' title='bbox 844 2207 902 2258; x_wconf 79' lang='grc' dir='ltr'>δὲ</span> <span class='ocrx_word' id='word_1_237' title='bbox 949 2206 1093 2270; x_wconf 90' lang='grc' dir='ltr'>τρίτη</span> <span class='ocrx_word' id='word_1_238' title='bbox 1139 2206 1291 2270; x_wconf 87' lang='grc' dir='ltr'>χώρα</span> <span class='ocrx_word' id='word_1_239' title='bbox 1330 2209 1617 2259; x_wconf 86' lang='grc' dir='ltr'>ςπονδεῖον</span> <span class='ocrx_word' id='word_1_240' title='bbox 1656 2207 1824 2270; x_wconf 91' lang='grc' dir='ltr'>μόνον</span> <span class='ocrx_word' id='word_1_241' title='bbox 1865 2207 2096 2271; x_wconf 87' lang='grc' dir='ltr'>δέχεται,</span> <span class='ocrx_word' id='word_1_242' title='bbox 2149 2210 2202 2257; x_wconf 77' lang='lat' dir='ltr'>et</span> <span class='ocrx_word' id='word_1_243' title='bbox 2239 2224 2372 2275; x_wconf 86' lang='lat' dir='ltr'>quae</span> 
     </span>
     <span class='ocr_line' id='line_1_24' title="bbox 211 2289 2371 2358; baseline 0.001 -19"><span class='ocrx_word' id='word_1_244' title='bbox 211 2291 520 2356; x_wconf 76' lang='lat' dir='ltr'>sequuntur·</span> <span class='ocrx_word' id='word_1_245' title='bbox 551 2289 606 2340; x_wconf 88' lang='lat' dir='ltr'>in</span> <span class='ocrx_word' id='word_1_246' title='bbox 657 2289 948 2341; x_wconf 74' lang='lat' dir='ltr'>Anecdotis</span> <span class='ocrx_word' id='word_1_247' title='bbox 998 2289 1267 2341; x_wconf 80' lang='lat' dir='ltr'>Ohisianis</span> <span class='ocrx_word' id='word_1_248' title='bbox 1305 2289 1707 2358; x_wconf 83' lang='lat' dir='ltr'>Mangelsdorfii</span> <span class='ocrx_word' id='word_1_249' title='bbox 1754 2308 1789 2357; x_wconf 91' lang='lat' dir='ltr'>p</span> <span class='ocrx_word' id='word_1_250' title='bbox 1831 2292 1892 2341; x_wconf 89' lang='lat'>11</span> <span class='ocrx_word' id='word_1_251' title='bbox 1944 2293 1977 2356; x_wconf 67' lang='grc' dir='ltr'>ξ</span> <span class='ocrx_word' id='word_1_252' title='bbox 2016 2291 2048 2342; x_wconf 90' lang='grc'>6</span> <span class='ocrx_word' id='word_1_253' title='bbox 2097 2308 2260 2358; x_wconf 84' lang='lat' dir='ltr'>usque</span> <span class='ocrx_word' id='word_1_254' title='bbox 2308 2291 2371 2342; x_wconf 87' lang='lat' dir='ltr'>ad</span> 
     </span>
     <span class='ocr_line' id='line_1_25' title="bbox 212 2373 2372 2441; baseline 0.002 -16"><span class='ocrx_word' id='word_1_255' title='bbox 212 2373 301 2426; x_wconf 84' lang='grc' dir='ltr'>ἐπὶ</span> <span class='ocrx_word' id='word_1_256' title='bbox 345 2374 549 2427; x_wconf 87' lang='grc' dir='ltr'>παντὸς</span> <span class='ocrx_word' id='word_1_257' title='bbox 596 2374 790 2438; x_wconf 89' lang='grc' dir='ltr'>μέτρου</span> <span class='ocrx_word' id='word_1_258' title='bbox 838 2373 1138 2440; x_wconf 90' lang='grc' dir='ltr'>ἀδιάφορός</span> <span class='ocrx_word' id='word_1_259' title='bbox 1184 2375 1322 2427; x_wconf 91' lang='grc' dir='ltr'>ἐςτιν</span> <span class='ocrx_word' id='word_1_260' title='bbox 1367 2375 1399 2439; x_wconf 87' lang='grc' dir='ltr'><strong>ἡ</strong></span> <span class='ocrx_word' id='word_1_261' title='bbox 1444 2374 1719 2428; x_wconf 88' lang='grc' dir='ltr'>τελευταία</span> <span class='ocrx_word' id='word_1_262' title='bbox 1765 2378 1861 2428; x_wconf 82' lang='grc' dir='ltr'>τοῦ</span> <span class='ocrx_word' id='word_1_263' title='bbox 1912 2376 2088 2440; x_wconf 89' lang='grc' dir='ltr'>ςτίχου</span> <span class='ocrx_word' id='word_1_264' title='bbox 2127 2378 2372 2441; x_wconf 91' lang='grc' dir='ltr'>ςυλλαβή.</span> 
     </span>
     <span class='ocr_line' id='line_1_26' title="bbox 148 2455 2369 2530; baseline 0.004 -27"><span class='ocrx_word' id='word_1_265' title='bbox 148 2471 191 2504; x_wconf 76' lang='lat'>25</span> <span class='ocrx_word' id='word_1_266' title='bbox 214 2455 312 2508; x_wconf 80' lang='lat' dir='ltr'>Cfr</span> <span class='ocrx_word' id='word_1_267' title='bbox 360 2456 736 2524; x_wconf 80' lang='lat' dir='ltr'>Moschopulus</span> <span class='ocrx_word' id='word_1_268' title='bbox 785 2456 944 2508; x_wconf 77' lang='lat' dir='ltr'>Titzii</span> <span class='ocrx_word' id='word_1_269' title='bbox 990 2476 1024 2525; x_wconf 91' lang='lat' dir='ltr'>p</span> <span class='ocrx_word' id='word_1_270' title='bbox 1072 2458 1140 2508; x_wconf 87' lang='lat'>48</span> <span class='ocrx_word' id='word_1_271' title='bbox 1188 2457 1429 2510; x_wconf 82' lang='lat' dir='ltr'>Triclinii</span> <span class='ocrx_word' id='word_1_272' title='bbox 1476 2460 1733 2510; x_wconf 74' lang='lat' dir='ltr'><strong>tractatus</strong></span> <span class='ocrx_word' id='word_1_273' title='bbox 1790 2457 2110 2511; x_wconf 78' lang='lat' dir='ltr'>Harleianus</span> <span class='ocrx_word' id='word_1_274' title='bbox 2161 2479 2195 2527; x_wconf 91' lang='lat' dir='ltr'>p</span> <span class='ocrx_word' id='word_1_275' title='bbox 2245 2460 2369 2530; x_wconf 60' lang='lat'>325¹</span> 
     </span>
     <span class='ocr_line' id='line_1_27' title="bbox 211 2538 2365 2612; baseline 0.003 -21"><span class='ocrx_word' id='word_1_276' title='bbox 211 2538 423 2592; x_wconf 83' lang='lat' dir='ltr'>Scholia</span> <span class='ocrx_word' id='word_1_277' title='bbox 447 2559 550 2594; x_wconf 87' lang='lat' dir='ltr'>ree.</span> <span class='ocrx_word' id='word_1_278' title='bbox 578 2541 636 2592; x_wconf 86' lang='lat' dir='ltr'>in</span> <span class='ocrx_word' id='word_1_279' title='bbox 661 2540 949 2609; x_wconf 79' lang='lat' dir='ltr'>Hephaest.</span> <span class='ocrx_word' id='word_1_280' title='bbox 975 2559 1010 2609; x_wconf 93' lang='lat' dir='ltr'>p</span> <span class='ocrx_word' id='word_1_281' title='bbox 1042 2541 1185 2612; x_wconf 76' lang='grc'>19914</span> <span class='ocrx_word' id='word_1_282' title='bbox 1216 2542 1285 2594; x_wconf 81' lang='lat' dir='ltr'>G.</span> <span class='ocrx_word' id='word_1_283' title='bbox 1316 2543 1467 2612; x_wconf 76' lang='grc'>17128</span> <span class='ocrx_word' id='word_1_284' title='bbox 1494 2542 1582 2594; x_wconf 91' lang='lat' dir='ltr'>W.</span> <span class='ocrx_word' id='word_1_285' title='bbox 1640 2559 1702 2594; x_wconf 84' lang='lat' dir='ltr'>ac</span> <span class='ocrx_word' id='word_1_286' title='bbox 1724 2541 1843 2594; x_wconf 83' lang='lat' dir='ltr'>vide</span> <span class='ocrx_word' id='word_1_287' title='bbox 1881 2542 2021 2595; x_wconf 87' lang='lat' dir='ltr'><strong>infra</strong></span> <span class='ocrx_word' id='word_1_288' title='bbox 2057 2561 2091 2611; x_wconf 89' lang='lat' dir='ltr'>p</span> <span class='ocrx_word' id='word_1_289' title='bbox 2117 2543 2289 2612; x_wconf 85' lang='lat' dir='ltr'>XXV,</span> <span class='ocrx_word' id='word_1_290' title='bbox 2318 2545 2365 2599; x_wconf 86' lang='lat'>7.</span> 
     </span>
    </p>
   </div>
   <div class='ocr_carea' id='block_1_3' title="bbox 122 2638 2414 3685">
    <p class='ocr_par' dir='ltr' id='par_1_3' title="bbox 122 2638 2414 3685">
     <span class='ocr_line' id='line_1_28' title="bbox 351 2638 1891 2724; baseline 0.004 -18"><span class='ocrx_word' id='word_1_291' title='bbox 351 2653 450 2707; x_wconf 85' lang='lat' dir='ltr'>Fol</span> <span class='ocrx_word' id='word_1_292' title='bbox 475 2656 528 2707; x_wconf 76' lang='lat'>21·</span> <span class='ocrx_word' id='word_1_293' title='bbox 553 2655 634 2707; x_wconf 78' lang='lat'>001</span> <span class='ocrx_word' id='word_1_294' title='bbox 659 2655 722 2707; x_wconf 74' lang='lat'>11—</span> <span class='ocrx_word' id='word_1_295' title='bbox 784 2638 932 2710; x_wconf 69' lang='grc' dir='ltr'>Περὶ</span> <span class='ocrx_word' id='word_1_296' title='bbox 972 2643 1134 2711; x_wconf 79' lang='grc' dir='ltr'>ΤῶΝ</span> <span class='ocrx_word' id='word_1_297' title='bbox 1174 2640 1720 2711; x_wconf 70' lang='grc' dir='ltr'>ἈΝΑκΡεοΝτῑωΝ</span> <span class='ocrx_word' id='word_1_298' title='bbox 1751 2655 1891 2724; x_wconf 74' lang='lat' dir='ltr'>(sie).</span> 
     </span>
     <span class='ocr_line' id='line_1_29' title="bbox 351 2741 2371 2814; baseline 0.001 -21"><span class='ocrx_word' id='word_1_299' title='bbox 351 2741 430 2793; x_wconf 88' lang='grc' dir='ltr'>Τὰ</span> <span class='ocrx_word' id='word_1_300' title='bbox 490 2741 841 2806; x_wconf 88' lang='grc' dir='ltr'>ἀνακρεόντια</span> <span class='ocrx_word' id='word_1_301' title='bbox 904 2742 1242 2806; x_wconf 83' lang='grc' dir='ltr'>ἐπιδέχονται</span> <span class='ocrx_word' id='word_1_302' title='bbox 1297 2745 1392 2808; x_wconf 73' lang='grc' dir='ltr'>μἐν</span> <span class='ocrx_word' id='word_1_303' title='bbox 1448 2742 1627 2797; x_wconf 82' lang='grc' dir='ltr'>αὐτῶν</span> <span class='ocrx_word' id='word_1_304' title='bbox 1689 2742 1741 2795; x_wconf 83' lang='grc' dir='ltr'>οἱ</span> <span class='ocrx_word' id='word_1_305' title='bbox 1798 2741 1939 2795; x_wconf 85' lang='grc' dir='ltr'>οἶκοι</span> <span class='ocrx_word' id='word_1_306' title='bbox 1997 2742 2148 2811; x_wconf 84' lang='lat' dir='ltr'>(eod.</span> <span class='ocrx_word' id='word_1_307' title='bbox 2202 2742 2371 2814; x_wconf 83' lang='grc' dir='ltr'>οἴκοι)</span> 
     </span>
     <span class='ocr_line' id='line_1_30' title="bbox 210 2827 2371 2910; baseline 0.001 -18"><span class='ocrx_word' id='word_1_308' title='bbox 210 2838 538 2892; x_wconf 87' lang='grc' dir='ltr'>ἀνάπαιςτον</span> <span class='ocrx_word' id='word_1_309' title='bbox 586 2842 671 2893; x_wconf 88' lang='grc' dir='ltr'>καὶ</span> <span class='ocrx_word' id='word_1_310' title='bbox 724 2841 824 2893; x_wconf 87' lang='grc' dir='ltr'>δύο</span> <span class='ocrx_word' id='word_1_311' title='bbox 873 2841 1090 2907; x_wconf 87' lang='grc' dir='ltr'>ἰάμβους</span> <span class='ocrx_word' id='word_1_312' title='bbox 1138 2842 1224 2894; x_wconf 87' lang='grc' dir='ltr'>καὶ</span> <span class='ocrx_word' id='word_1_313' title='bbox 1268 2843 1390 2907; x_wconf 92' lang='grc' dir='ltr'>μίαν</span> <span class='ocrx_word' id='word_1_314' title='bbox 1440 2843 1688 2907; x_wconf 89' lang='grc' dir='ltr'>περιττὴν</span> <span class='ocrx_word' id='word_1_315' title='bbox 1737 2842 2027 2910; x_wconf 87' lang='grc' dir='ltr'>ςυλλαβήν,</span> <span class='ocrx_word' id='word_1_316' title='bbox 2078 2841 2197 2895; x_wconf 82' lang='grc' dir='ltr'>οἷον</span> <span class='ocrx_word' id='word_1_317' title='bbox 2239 2827 2371 2895; x_wconf 70' lang='grc' dir='ltr'>«ἀπό</span> 
     </span>
     <span class='ocr_line' id='line_1_31' title="bbox 147 2924 2370 3008; baseline 0.001 -18"><span class='ocrx_word' id='word_1_318' title='bbox 147 2927 308 2996; x_wconf 62' lang='grc' dir='ltr'>ωτοῖῦ</span> <span class='ocrx_word' id='word_1_319' title='bbox 354 2927 538 3003; x_wconf 76' lang='grc' dir='ltr'>λῖθροῦ</span> <span class='ocrx_word' id='word_1_320' title='bbox 574 2924 652 2992; x_wconf 70' lang='grc' dir='ltr'>τὸ-</span> <span class='ocrx_word' id='word_1_321' title='bbox 678 2926 916 3005; x_wconf 67' lang='grc' dir='ltr'>ῥεῖθρόν»</span> <span class='ocrx_word' id='word_1_322' title='bbox 956 2940 1097 3008; x_wconf 85' lang='lat' dir='ltr'>(lege</span> <span class='ocrx_word' id='word_1_323' title='bbox 1146 2940 1327 3006; x_wconf 84' lang='grc' dir='ltr'>λίθου,</span> <span class='ocrx_word' id='word_1_324' title='bbox 1374 2957 1425 2990; x_wconf 89' lang='lat' dir='ltr'>v.</span> <span class='ocrx_word' id='word_1_325' title='bbox 1465 2937 1685 3007; x_wconf 88' lang='lat' dir='ltr'>Bergkii</span> <span class='ocrx_word' id='word_1_326' title='bbox 1732 2942 1875 3008; x_wconf 76' lang='lat' dir='ltr'>poet.</span> <span class='ocrx_word' id='word_1_327' title='bbox 1915 2939 2011 3007; x_wconf 82' lang='lat' dir='ltr'><strong>lyr.</strong></span> <span class='ocrx_word' id='word_1_328' title='bbox 2051 2938 2157 2991; x_wconf 83' lang='grc'>1113</span> <span class='ocrx_word' id='word_1_329' title='bbox 2197 2940 2370 3007; x_wconf 87' lang='lat'>1077).</span> 
     </span>
     <span class='ocr_line' id='line_1_32' title="bbox 208 3022 2371 3090; baseline 0.002 -16"><span class='ocrx_word' id='word_1_330' title='bbox 208 3023 271 3075; x_wconf 88' lang='grc' dir='ltr'>τὸ</span> <span class='ocrx_word' id='word_1_331' title='bbox 321 3024 380 3075; x_wconf 82' lang='grc' dir='ltr'>δὲ</span> <span class='ocrx_word' id='word_1_332' title='bbox 425 3024 633 3076; x_wconf 85' lang='grc' dir='ltr'>τούτων</span> <span class='ocrx_word' id='word_1_333' title='bbox 675 3025 1029 3077; x_wconf 84' lang='grc' dir='ltr'>κουκούλλιον</span> <span class='ocrx_word' id='word_1_334' title='bbox 1080 3023 1179 3090; x_wconf 83' lang='lat' dir='ltr'>(sie</span> <span class='ocrx_word' id='word_1_335' title='bbox 1218 3022 1420 3074; x_wconf 81' lang='lat' dir='ltr'>duabus</span> <span class='ocrx_word' id='word_1_336' title='bbox 1460 3026 1489 3075; x_wconf 91' lang='grc' dir='ltr'>λ</span> <span class='ocrx_word' id='word_1_337' title='bbox 1530 3022 1715 3089; x_wconf 83' lang='lat' dir='ltr'>codex)</span> <span class='ocrx_word' id='word_1_338' title='bbox 1756 3023 1953 3086; x_wconf 89' lang='grc' dir='ltr'>γίνεται</span> <span class='ocrx_word' id='word_1_339' title='bbox 1993 3024 2046 3077; x_wconf 88' lang='grc' dir='ltr'>ἐξ</span> <span class='ocrx_word' id='word_1_340' title='bbox 2084 3024 2371 3079; x_wconf 90' lang='grc' dir='ltr'>ἐλάςςονος</span> 
     </span>
     <span class='ocr_line' id='line_1_33' title="bbox 208 3107 2371 3176; baseline 0.002 -17"><span class='ocrx_word' id='word_1_341' title='bbox 208 3109 293 3159; x_wconf 86' lang='grc' dir='ltr'>καὶ</span> <span class='ocrx_word' id='word_1_342' title='bbox 330 3109 596 3175; x_wconf 79' lang='grc' dir='ltr'>μείζονος,</span> <span class='ocrx_word' id='word_1_343' title='bbox 645 3109 797 3160; x_wconf 78' lang='grc' dir='ltr'>τοῦτ’</span> <span class='ocrx_word' id='word_1_344' title='bbox 844 3108 982 3162; x_wconf 81' lang='grc' dir='ltr'>ἐςτιν</span> <span class='ocrx_word' id='word_1_345' title='bbox 1022 3108 1130 3160; x_wconf 88' lang='grc' dir='ltr'>ἀπὸ</span> <span class='ocrx_word' id='word_1_346' title='bbox 1176 3107 1459 3172; x_wconf 88' lang='grc' dir='ltr'>πυρριχίου</span> <span class='ocrx_word' id='word_1_347' title='bbox 1497 3107 1581 3160; x_wconf 89' lang='grc' dir='ltr'>καὶ</span> <span class='ocrx_word' id='word_1_348' title='bbox 1628 3108 1940 3176; x_wconf 88' lang='grc' dir='ltr'>ςπονδείου,</span> <span class='ocrx_word' id='word_1_349' title='bbox 1988 3107 2112 3162; x_wconf 84' lang='grc' dir='ltr'>οἷον</span> <span class='ocrx_word' id='word_1_350' title='bbox 2155 3108 2371 3174; x_wconf 83' lang='grc' dir='ltr'>«ἀρετῆς</span> 
     </span>
     <span class='ocr_line' id='line_1_34' title="bbox 210 3190 2372 3262; baseline 0 -17"><span class='ocrx_word' id='word_1_351' title='bbox 210 3192 559 3258; x_wconf 88' lang='grc' dir='ltr'>εὐςτεφάνου</span> <span class='ocrx_word' id='word_1_352' title='bbox 591 3191 762 3254; x_wconf 63' lang='grc' dir='ltr'>ἄνθεαΔ</span> <span class='ocrx_word' id='word_1_353' title='bbox 803 3193 1040 3257; x_wconf 88' lang='grc' dir='ltr'>δρέψας»</span> <span class='ocrx_word' id='word_1_354' title='bbox 1102 3191 1244 3262; x_wconf 87' lang='lat' dir='ltr'>(vide</span> <span class='ocrx_word' id='word_1_355' title='bbox 1293 3190 1634 3259; x_wconf 77' lang='lat' dir='ltr'>Matrangam</span> <span class='ocrx_word' id='word_1_356' title='bbox 1683 3192 1883 3244; x_wconf 82' lang='lat' dir='ltr'>Anecd.</span> <span class='ocrx_word' id='word_1_357' title='bbox 1924 3192 1947 3244; x_wconf 89' lang='lat'><em>1</em></span> <span class='ocrx_word' id='word_1_358' title='bbox 1996 3192 2161 3260; x_wconf 86' lang='lat' dir='ltr'>praef.</span> <span class='ocrx_word' id='word_1_359' title='bbox 2202 3194 2263 3245; x_wconf 85' lang='lat'>31</span> <span class='ocrx_word' id='word_1_360' title='bbox 2318 3197 2372 3246; x_wconf 77' lang='lat' dir='ltr'>et</span> 
     </span>
     <span class='ocr_line' id='line_1_35' title="bbox 209 3274 2368 3347; baseline 0 -19"><span class='ocrx_word' id='word_1_361' title='bbox 209 3275 505 3347; x_wconf 57' lang='lat' dir='ltr'>Bessgkium</span> <span class='ocrx_word' id='word_1_362' title='bbox 543 3277 578 3327; x_wconf 92' lang='grc'>1.</span> <span class='ocrx_word' id='word_1_363' title='bbox 607 3276 666 3344; x_wconf 91' lang='lat' dir='ltr'>l.)</span> <span class='ocrx_word' id='word_1_364' title='bbox 706 3276 907 3339; x_wconf 87' lang='grc' dir='ltr'>«ἁγίων</span> <span class='ocrx_word' id='word_1_365' title='bbox 945 3277 1267 3341; x_wconf 90' lang='grc' dir='ltr'>περςιδάμου</span> <span class='ocrx_word' id='word_1_366' title='bbox 1306 3277 1502 3341; x_wconf 90' lang='grc' dir='ltr'>κόςμον</span> <span class='ocrx_word' id='word_1_367' title='bbox 1540 3276 1621 3329; x_wconf 92' lang='grc' dir='ltr'>ἀεὶ</span> <span class='ocrx_word' id='word_1_368' title='bbox 1660 3275 1772 3329; x_wconf 78' lang='grc' dir='ltr'>ὢν»</span> <span class='ocrx_word' id='word_1_369' title='bbox 1811 3274 1912 3346; x_wconf 82' lang='lat' dir='ltr'>(sic</span> <span class='ocrx_word' id='word_1_370' title='bbox 1950 3275 2038 3328; x_wconf 88' lang='lat' dir='ltr'>hic</span> <span class='ocrx_word' id='word_1_371' title='bbox 2075 3295 2260 3329; x_wconf 85' lang='lat' dir='ltr'>versus</span> <span class='ocrx_word' id='word_1_372' title='bbox 2299 3278 2368 3330; x_wconf 92' lang='lat' dir='ltr'>le-</span> 
     </span>
     <span class='ocr_line' id='line_1_36' title="bbox 123 3350 2368 3428; baseline -0.001 -13"><span class='ocrx_word' id='word_1_373' title='bbox 123 3355 188 3415; x_wconf 62' lang='lat'>„35</span> <span class='ocrx_word' id='word_1_374' title='bbox 210 3361 355 3428; x_wconf 76' lang='lat' dir='ltr'>gitur</span> <span class='ocrx_word' id='word_1_375' title='bbox 392 3350 553 3413; x_wconf 77' lang='lat' dir='ltr'>etiam</span> <span class='ocrx_word' id='word_1_376' title='bbox 592 3360 650 3412; x_wconf 88' lang='lat' dir='ltr'>in</span> <span class='ocrx_word' id='word_1_377' title='bbox 687 3359 1012 3412; x_wconf 81' lang='lat' dir='ltr'>Baroceiano</span> <span class='ocrx_word' id='word_1_378' title='bbox 1052 3359 1296 3412; x_wconf 85' lang='lat' dir='ltr'>scholior.</span> <span class='ocrx_word' id='word_1_379' title='bbox 1336 3359 1512 3428; x_wconf 91' lang='lat' dir='ltr'>Heph.</span> <span class='ocrx_word' id='word_1_380' title='bbox 1554 3364 1607 3412; x_wconf 85' lang='lat' dir='ltr'>et-</span> <span class='ocrx_word' id='word_1_381' title='bbox 1644 3360 1700 3411; x_wconf 90' lang='lat' dir='ltr'>in</span> <span class='ocrx_word' id='word_1_382' title='bbox 1738 3360 1915 3412; x_wconf 85' lang='lat' dir='ltr'>codice</span> <span class='ocrx_word' id='word_1_383' title='bbox 1943 3362 2265 3428; x_wconf 77' lang='lat' dir='ltr'><strong>Augustano</strong></span> <span class='ocrx_word' id='word_1_384' title='bbox 2305 3362 2368 3413; x_wconf 89' lang='lat' dir='ltr'>de</span> 
     </span>
     <span class='ocr_line' id='line_1_37' title="bbox 208 3443 2369 3513; baseline 0 -17"><span class='ocrx_word' id='word_1_385' title='bbox 208 3462 310 3513; x_wconf 90' lang='lat' dir='ltr'>quo</span> <span class='ocrx_word' id='word_1_386' title='bbox 358 3444 701 3497; x_wconf 86' lang='lat' dir='ltr'>Hermannus</span> <span class='ocrx_word' id='word_1_387' title='bbox 747 3443 917 3496; x_wconf 85' lang='lat' dir='ltr'>Elem.</span> <span class='ocrx_word' id='word_1_388' title='bbox 969 3444 1130 3496; x_wconf 60' lang='lat' dir='ltr'>doessr.</span> <span class='ocrx_word' id='word_1_389' title='bbox 1174 3446 1327 3496; x_wconf 75' lang='lat' dir='ltr'>metr.</span> <span class='ocrx_word' id='word_1_390' title='bbox 1366 3462 1400 3512; x_wconf 91' lang='lat' dir='ltr'>p</span> <span class='ocrx_word' id='word_1_391' title='bbox 1439 3444 1544 3496; x_wconf 87' lang='grc'>488</span> <span class='ocrx_word' id='word_1_392' title='bbox 1593 3444 1746 3512; x_wconf 78' lang='lat' dir='ltr'>dicit3</span> <span class='ocrx_word' id='word_1_393' title='bbox 1797 3445 1995 3511; x_wconf 92' lang='grc' dir='ltr'>κόςμον</span> <span class='ocrx_word' id='word_1_394' title='bbox 2044 3445 2207 3500; x_wconf 92' lang='grc' dir='ltr'>ἀειών</span> <span class='ocrx_word' id='word_1_395' title='bbox 2257 3444 2369 3498; x_wconf 80' lang='lat' dir='ltr'>Sai-</span> 
     </span>
     <span class='ocr_line' id='line_1_38' title="bbox 122 3527 2414 3597; baseline 0 -17"><span class='ocrx_word' id='word_1_396' title='bbox 122 3538 126 3541; x_wconf 85' lang='grc'><strong>’</strong></span> <span class='ocrx_word' id='word_1_397' title='bbox 209 3529 492 3581; x_wconf 80' lang='lat' dir='ltr'>bantianus</span> <span class='ocrx_word' id='word_1_398' title='bbox 530 3527 693 3581; x_wconf 83' lang='lat' dir='ltr'>schol.</span> <span class='ocrx_word' id='word_1_399' title='bbox 733 3528 904 3597; x_wconf 86' lang='lat' dir='ltr'>Heph.</span> <span class='ocrx_word' id='word_1_400' title='bbox 946 3529 1121 3596; x_wconf 74' lang='lat' dir='ltr'>habet,</span> <span class='ocrx_word' id='word_1_401' title='bbox 1161 3531 1355 3596; x_wconf 91' lang='grc' dir='ltr'>κόςμου</span> <span class='ocrx_word' id='word_1_402' title='bbox 1395 3530 1529 3582; x_wconf 80' lang='grc' dir='ltr'>ἀίων</span> <span class='ocrx_word' id='word_1_403' title='bbox 1568 3528 1810 3581; x_wconf 73' lang='lat' dir='ltr'><strong>scribunt</strong></span> <span class='ocrx_word' id='word_1_404' title='bbox 1847 3528 2161 3581; x_wconf 82' lang='lat' dir='ltr'><strong>Gaisfordus</strong></span> <span class='ocrx_word' id='word_1_405' title='bbox 2191 3529 2365 3581; x_wconf 82' lang='lat' dir='ltr'>West-</span> <span class='ocrx_word' id='word_1_406' title='bbox 2412 3562 2414 3564; x_wconf 96' lang='lat'>-</span> 
     </span>
     <span class='ocr_line' id='line_1_39' title="bbox 206 3610 1797 3685; baseline 0.002 -21"><span class='ocrx_word' id='word_1_407' title='bbox 206 3612 420 3685; x_wconf 80' lang='lat' dir='ltr'>phalius</span> <span class='ocrx_word' id='word_1_408' title='bbox 457 3613 759 3682; x_wconf 84' lang='lat' dir='ltr'>Bergkius).</span> <span class='ocrx_word' id='word_1_409' title='bbox 1793 3610 1797 3614; x_wconf 42' lang='lat'>⁵</span> 
     </span>
    </p>
   </div>
   <div class='ocr_carea' id='block_1_4' title="bbox 145 3710 2362 4133">
    <p class='ocr_par' dir='ltr' id='par_1_4' title="bbox 349 3710 2361 3794">
     <span class='ocr_line' id='line_1_40' title="bbox 349 3710 2361 3794; baseline 0 -12"><span class='ocrx_word' id='word_1_410' title='bbox 349 3710 579 3782; x_wconf 79' lang='grc' dir='ltr'>ςτίχος</span> <span class='ocrx_word' id='word_1_411' title='bbox 628 3714 789 3781; x_wconf 79' lang='grc' dir='ltr'>ΤῶΝ</span> <span class='ocrx_word' id='word_1_412' title='bbox 848 3710 1413 3789; x_wconf 73' lang='grc' dir='ltr'>ἈΝΑκΡεοΝτίωΝ.</span> <span class='ocrx_word' id='word_1_413' title='bbox 1487 3729 1545 3780; x_wconf 82' lang='grc' dir='ltr'>Ἡ</span> <span class='ocrx_word' id='word_1_414' title='bbox 1585 3730 1769 3794; x_wconf 73' lang='grc' dir='ltr'>πρώτη</span> <span class='ocrx_word' id='word_1_415' title='bbox 1812 3730 1964 3794; x_wconf 77' lang='grc' dir='ltr'>χώρα</span> <span class='ocrx_word' id='word_1_416' title='bbox 2008 3728 2361 3782; x_wconf 71' lang='grc' dir='ltr'>ἀνάπαιετον·</span> 
     </span>
    </p>

    <p class='ocr_par' dir='ltr' id='par_1_5' title="bbox 145 3811 2362 4133">
     <span class='ocr_line' id='line_1_41' title="bbox 145 3811 2361 3880; baseline 0.001 -17"><span class='ocrx_word' id='word_1_417' title='bbox 145 3813 241 3877; x_wconf 73' lang='grc' dir='ltr'>4οὴ</span> <span class='ocrx_word' id='word_1_418' title='bbox 288 3813 509 3878; x_wconf 90' lang='grc' dir='ltr'>δευτέρα</span> <span class='ocrx_word' id='word_1_419' title='bbox 555 3811 774 3878; x_wconf 81' lang='grc' dir='ltr'>ἴαμβον·</span> <span class='ocrx_word' id='word_1_420' title='bbox 824 3813 855 3877; x_wconf 85' lang='grc' dir='ltr'>ἡ</span> <span class='ocrx_word' id='word_1_421' title='bbox 894 3813 1037 3878; x_wconf 89' lang='grc' dir='ltr'>τρίτη</span> <span class='ocrx_word' id='word_1_422' title='bbox 1085 3813 1303 3880; x_wconf 78' lang='grc' dir='ltr'>ἴαμβον·</span> <span class='ocrx_word' id='word_1_423' title='bbox 1351 3813 1383 3876; x_wconf 85' lang='grc' dir='ltr'>ἡ</span> <span class='ocrx_word' id='word_1_424' title='bbox 1421 3812 1642 3879; x_wconf 90' lang='grc' dir='ltr'>τετάρτη</span> <span class='ocrx_word' id='word_1_425' title='bbox 1681 3812 2008 3879; x_wconf 90' lang='grc' dir='ltr'>ἀδιάφορον·</span> <span class='ocrx_word' id='word_1_426' title='bbox 2056 3812 2176 3866; x_wconf 80' lang='grc' dir='ltr'>οἷον</span> <span class='ocrx_word' id='word_1_427' title='bbox 2216 3811 2361 3866; x_wconf 85' lang='grc' dir='ltr'>«ἀπὸ</span> 
     </span>
     <span class='ocr_line' id='line_1_42' title="bbox 207 3891 2360 3966; baseline -0.001 -16"><span class='ocrx_word' id='word_1_428' title='bbox 207 3901 299 3961; x_wconf 91' lang='grc' dir='ltr'>τῆς</span> <span class='ocrx_word' id='word_1_429' title='bbox 336 3899 494 3963; x_wconf 88' lang='grc' dir='ltr'>φίλης</span> <span class='ocrx_word' id='word_1_430' title='bbox 530 3896 751 3962; x_wconf 80' lang='grc' dir='ltr'>ἐρήμου»</span> <span class='ocrx_word' id='word_1_431' title='bbox 782 3896 1016 3966; x_wconf 76' lang='lat' dir='ltr'><strong>(initium</strong></span> <span class='ocrx_word' id='word_1_432' title='bbox 1044 3900 1124 3949; x_wconf 73' lang='lat' dir='ltr'>est</span> <span class='ocrx_word' id='word_1_433' title='bbox 1149 3897 1279 3949; x_wconf 89' lang='lat' dir='ltr'>odae</span> <span class='ocrx_word' id='word_1_434' title='bbox 1306 3896 1594 3964; x_wconf 84' lang='lat' dir='ltr'>Sophronii</span> <span class='ocrx_word' id='word_1_435' title='bbox 1620 3891 1839 3965; x_wconf 76' lang='lat' dir='ltr'>quintae</span> <span class='ocrx_word' id='word_1_436' title='bbox 1873 3897 1929 3947; x_wconf 92' lang='lat' dir='ltr'>in</span> <span class='ocrx_word' id='word_1_437' title='bbox 1955 3895 2083 3947; x_wconf 86' lang='lat' dir='ltr'>Maii</span> <span class='ocrx_word' id='word_1_438' title='bbox 2111 3895 2360 3965; x_wconf 83' lang='lat' dir='ltr'>Spicileg.</span> 
     </span>
     <span class='ocr_line' id='line_1_43' title="bbox 209 3979 2362 4050; baseline -0 -18"><span class='ocrx_word' id='word_1_439' title='bbox 209 3980 432 4032; x_wconf 82' lang='lat' dir='ltr'><strong>Roman.</strong></span> <span class='ocrx_word' id='word_1_440' title='bbox 473 3979 550 4033; x_wconf 93' lang='lat' dir='ltr'>IV</span> <span class='ocrx_word' id='word_1_441' title='bbox 588 3998 621 4048; x_wconf 94' lang='lat' dir='ltr'>p</span> <span class='ocrx_word' id='word_1_442' title='bbox 655 3979 764 4050; x_wconf 83' lang='grc'>66).</span> <span class='ocrx_word' id='word_1_443' title='bbox 839 3982 912 4033; x_wconf 92' lang='grc' dir='ltr'>Τὸ</span> <span class='ocrx_word' id='word_1_444' title='bbox 962 3985 1019 4034; x_wconf 80' lang='grc' dir='ltr'>δὲ</span> <span class='ocrx_word' id='word_1_445' title='bbox 1068 3983 1421 4034; x_wconf 89' lang='grc' dir='ltr'>κουκούλλιον</span> <span class='ocrx_word' id='word_1_446' title='bbox 1471 3981 1638 4034; x_wconf 83' lang='grc' dir='ltr'>αὐτοῦ</span> <span class='ocrx_word' id='word_1_447' title='bbox 1685 3982 1716 4045; x_wconf 87' lang='grc' dir='ltr'>ἡ</span> <span class='ocrx_word' id='word_1_448' title='bbox 1755 3983 1937 4046; x_wconf 90' lang='grc' dir='ltr'>πρώτη</span> <span class='ocrx_word' id='word_1_449' title='bbox 1977 3981 2060 4032; x_wconf 90' lang='grc' dir='ltr'>καὶ</span> <span class='ocrx_word' id='word_1_450' title='bbox 2096 3980 2240 4045; x_wconf 88' lang='grc' dir='ltr'>τρίτη</span> <span class='ocrx_word' id='word_1_451' title='bbox 2277 3981 2362 4032; x_wconf 90' lang='grc' dir='ltr'>καὶ</span> 
     </span>
     <span class='ocr_line' id='line_1_44' title="bbox 211 4064 2359 4133; baseline 0.001 -18"><span class='ocrx_word' id='word_1_452' title='bbox 211 4065 417 4130; x_wconf 88' lang='grc' dir='ltr'>πέμπτη</span> <span class='ocrx_word' id='word_1_453' title='bbox 456 4068 606 4131; x_wconf 92' lang='grc' dir='ltr'>χώρα</span> <span class='ocrx_word' id='word_1_454' title='bbox 643 4065 948 4133; x_wconf 89' lang='grc' dir='ltr'>πυρρίχιον,</span> <span class='ocrx_word' id='word_1_455' title='bbox 988 4066 1019 4129; x_wconf 85' lang='grc' dir='ltr'>ἡ</span> <span class='ocrx_word' id='word_1_456' title='bbox 1060 4068 1118 4118; x_wconf 82' lang='grc' dir='ltr'>δὲ</span> <span class='ocrx_word' id='word_1_457' title='bbox 1156 4066 1379 4129; x_wconf 88' lang='grc' dir='ltr'>δευτέρα</span> <span class='ocrx_word' id='word_1_458' title='bbox 1415 4067 1499 4118; x_wconf 86' lang='grc' dir='ltr'>καὶ</span> <span class='ocrx_word' id='word_1_459' title='bbox 1535 4066 1754 4130; x_wconf 88' lang='grc' dir='ltr'>τετάρτη</span> <span class='ocrx_word' id='word_1_460' title='bbox 1792 4066 1876 4117; x_wconf 88' lang='grc' dir='ltr'>καὶ</span> <span class='ocrx_word' id='word_1_461' title='bbox 1915 4064 2035 4129; x_wconf 82' lang='grc' dir='ltr'>ἕκτη</span> <span class='ocrx_word' id='word_1_462' title='bbox 2074 4066 2359 4118; x_wconf 75' lang='grc' dir='ltr'>ςπονδεῖον</span> 
     </span>
    </p>
   </div>
  </div>
 </body>
</html>
