2808 4394
361 229 463 281 312
1123 226 1708 271 SVPPLEMENTVM
1738 229 1758 270 1

501 358 558 408 Ἡ
602 358 660 408 δὲ
699 358 879 409 δαςεῑα
914 357 1107 408 τίθεται
1146 355 1219 408 εἰς
1250 357 1462 422 γράμμα
1488 360 1709 422 φωνῆεν
1737 358 2124 424 δαςυνόμενον,
2161 361 2280 415 οἷον
2316 361 2523 428 ἡμέρα
2547 371 2695 415 pem

362 443 495 507 ὥρα
531 442 614 494 καὶ
653 441 726 494 εἰς
763 442 829 494 τὰ
868 441 1041 506 ὅμοια.
1109 441 1308 507 ὁμοίως
1347 443 1431 494 καὶ
1468 443 1499 507 ἡ
1539 445 1670 508 ψιλὴ
1707 444 1901 496 τίθεται
1940 444 2013 497 εἰς
2050 446 2262 511 γράμμα
2298 449 2521 512 φωνῆεν
2545 461 2585 492 11

361 526 719 593 ψιλούμενον,
772 526 893 580 οἷον
942 526 1243 592 ἔγραφον
1291 527 1503 593 ὄνομα
1551 529 1635 581 καὶ
1673 528 1748 581 εἰς
1783 529 1850 581 τὰ
1889 529 2062 595 ὅμοια.
2138 533 2428 597 φωνήεντα
2464 534 2524 585 δὲ

953 612 1491 627 --------

359 612 640 678 γράμματά
678 611 800 665 εἰςιν
841 613 997 664 ἑπτα
1036 629 1070 664 α
1108 628 1133 663 ε
1171 630 1202 676 η
1245 631 1260 664 ι
1307 630 1338 664 ο
1378 632 1408 665 υ
1450 631 1507 665 ω.
1569 665 1571 667 ,

501 697 562 749 Ἡ
604 698 662 749 δὲ
703 696 1053 764 ἀπόςτροφος
1089 698 1309 762 τίθεται,
1350 698 1428 751 ὅτ’
1466 698 1532 751 ἂν
1571 699 1658 751 διὰ
1697 700 1794 763 τὴν
1820 699 2188 766 καλλιφωνίαν
2214 703 2526 770 κουφίζηται
2549 714 2591 747 1⁵

359 783 421 835 τὸ
461 782 519 835 ἓν
546 784 769 848 φωνῆεν
807 782 1042 849 γράμμα,
1082 783 1310 848 ὁπηνίκα
1347 784 1447 836 δύο
1486 784 1777 850 φωνήεντα
1816 784 1942 838 εἰςιν
1980 785 2038 838 ἐν
2061 789 2166 854 ,μιᾷ
2205 787 2367 856 λέξει,
2406 787 2526 841 οἷον

362 995 719 1051 [DISGREPANTIA
751 1009 1029 1039 scmrrvnAE
1059 1011 1106 1038 m
1134 994 1432 1053 LGBOHb]
1536 994 1565 1039 2
1596 996 1770 1050 ὁμοίως
1802 999 1878 1041 καὶ
1909 998 1937 1051 ἡ
1972 1000 2085 1053 ψιλὴ
2117 999 2296 1044 τίθεται
2327 999 2391 1044 εἰς
2421 999 2526 1044 LB:

360 1070 388 1121 ἡ
429 1067 479 1110 δὲ
517 1069 631 1122 ψιλὴ
676 1066 850 1120 ὁμοίως
887 1067 1067 1111 τίθεται
1107 1066 1172 1111 εἰς
1205 1066 1264 1120 G,
1317 1068 1346 1121 ή
1388 1068 1439 1111 δὲ
1478 1069 1591 1122 ψιλὴ
1631 1070 1811 1111 τίθεται
1850 1068 2025 1121 ὁμοίως
2064 1069 2130 1114 εἰς
2162 1069 2220 1124 Ο,
2270 1072 2298 1124 ἡ
2332 1072 2383 1115 δὲ
2412 1074 2527 1126 ψιλὴ

361 1136 538 1191 ὁμοίως
570 1138 636 1183 εἰς
666 1138 748 1181 Hb
791 1140 797 1191 Ι
909 1142 1134 1193 φωνῆςεν
1165 1137 1205 1182 G
1241 1139 1258 1194 ΙΙ
1365 1139 1395 1183 3
1428 1140 1637 1193 ἔγραφον
1668 1137 1772 1181 LB:
1803 1140 1970 1194 ἀςεβής
2001 1140 2232 1185 ἀδύνατος
2263 1140 2326 1195 G,
2364 1143 2530 1199 ἀςεβής

361 1210 595 1264 ἀδύναμος
629 1209 757 1252 OHb
781 1210 797 1265 ΙΙ
847 1211 878 1254 4
910 1209 1037 1265 εἰςιν]
1070 1210 1191 1253 ἐςτιν
1224 1208 1491 1265 GBOHbu
1534 1210 1563 1254 5
1597 1211 1677 1253 ὅτ’
1707 1212 1765 1253 ἂν
1795 1208 1952 1254 LGO:
1986 1213 2103 1255 ὅταν
2137 1212 2227 1255 Hb.
2275 1213 2393 1256 item
2408 1212 2532 1257 infra

362 1295 392 1337 p
422 1286 521 1344 .¹¹3’
554 1286 593 1324 5.
632 1285 725 1333 114,
757 1285 781 1322 2
807 1280 813 1336 Ι
918 1280 1260 1335 καλληφωνίαν
1290 1278 1325 1321 L
1356 1281 1371 1334 ΙΙ
1481 1280 1602 1336 6—p
1635 1280 1778 1334 113‚1
1811 1280 1914 1325 οἷον
1945 1283 2048 1337 οὐχ’
2077 1284 2247 1337 οὕτως,
2280 1283 2323 1328 οἱ
2355 1285 2531 1339 ἀςεβεῖς
2559 1288 2562 1291 ’

362 1353 465 1405 οὐχ’
496 1353 651 1395 οὕτως
681 1350 813 1394 LGB
845 1351 988 1407 atque
1021 1350 1164 1394 etiam
1194 1349 1491 1394 Monacensis
1523 1356 1621 1406 284,
1654 1351 1786 1395 cuius
1817 1353 1943 1407 quod
1974 1367 2097 1396 nunc
2129 1355 2201 1397 est
2229 1354 2434 1410 primum
2464 1356 2530 1399 fo-

362 1423 491 1477 lium,
524 1422 694 1478 incipit
725 1422 783 1466 ab
815 1422 995 1466 τίθεται
1024 1422 1090 1465 lin
1125 1426 1170 1464 1:
1205 1422 1308 1467 οἷον
1339 1422 1450 1477 οὐχ’
1481 1423 1637 1467 οὕτως
1669 1423 1713 1467 οἱ
1743 1422 1920 1478 ἀςεβεῖς
1952 1423 2082 1468 OHb

367 1621 744 1679 [stcssnPANnAE
764 1638 818 1665 ΕΤ
827 1636 1089 1666 TESTIMONIA
1108 1637 1390 1666 scnomossvu
1409 1623 1476 1677 (Σ
1484 1624 1581 1677 σλ)
1603 1637 1898 1667 EROTEMATVM
1916 1623 1999 1679 (E)
2014 1637 2214 1668 ALIORVM
2235 1626 2529 1682 sommonvu]
2676 1674 2682 1678 ,

364 1695 534 1748 βραχέα
573 1693 649 1738 ἐπὶ
691 1694 902 1749 βραχέων
947 1695 989 1749 [ε
1021 1695 1097 1737 καὶ
1129 1693 1195 1749 ο],
1235 1686 1375 1747 λὸγός
1414 1686 1565 1738 δὸλῖὅς
1604 1684 1880 1748 φῖλὸςόφός.
1941 1682 2015 1740 Eg
2045 1698 2123 1740 E*
2155 1698 2355 1751 χρόνους
2390 1696 2531 1753 plane
2586 1692 2591 1697 ’

366 1765 605 1819 omittunt,
637 1767 715 1810 Eb
748 1764 1223 1809 Schellersheimiana
1255 1764 1553 1808 definitiones
1584 1765 1781 1820 χρόνου,
1815 1768 2014 1820 μακρᾶς,
2048 1767 2263 1822 βραχείας
2295 1766 2533 1823 exhibent,

363 1840 410 1881 Ε
421 1840 432 1864 t
464 1836 763 1893 distinguunt
794 1838 931 1890 φύςει
964 1837 1012 1879 et
1043 1837 1165 1880 θέςει
1195 1836 1359 1891 longas
1390 1835 1578 1879 vocales
1605 1835 1623 1892 ΙΙ
1998 1835 2114 1881 1-2
2148 1839 2196 1882 Ἡ
2230 1839 2280 1881 δὲ
2309 1863 2365 1870 -
2395 1839 2534 1893 ὅμοια

365 1909 568 1952 testatur
598 1912 647 1952 Σ
680 1911 799 1964 69218
834 1907 1032 1964 (Porph)
1065 1921 1118 1950 ac
1162 1907 1337 1963 partim
1368 1911 1419 1951 Σ
1445 1911 1548 1962 6936
1584 1910 1686 1962 6958
1724 1907 1918 1963 (Porph)
1958 1912 2076 1963 '715²5
2118 1908 2322 1964 (Anon.).
2383 1908 2532 1953 altero

364 1979 467 2023 loco
500 1978 786 2035 Porphyrius
818 1978 956 2022 docet
986 1977 1306 2035 supplementi
1338 1978 1579 2022 auctorem
1609 1978 1717 2034 post
1753 1978 2074 2033 δαςυνόμενον
2105 1978 2281 2031 addere
2313 1978 2532 2031 debuisse

363 2052 585 2107 ἀρκτικὸν
620 2052 636 2106 ΙΙ
998 2051 1020 2096 1
1054 2050 1225 2106 ἡμέρα]
1261 2054 1310 2094 Σ
1339 2054 1459 2106 71588
1492 2049 1702 2105 (Anon.):
1734 2049 1906 2105 ἡμέρα·
1939 2052 2012 2094 διὰ
2041 2050 2086 2093 τί
2116 2051 2380 2103 δαςύνεται;
2413 2047 2471 2096 τὸ
2502 2057 2536 2108 ῆ

365 2124 458 2178 πρὸ
489 2126 576 2166 τοῦ
607 2127 663 2178 H,
718 2122 758 2166 εἰ
790 2123 850 2176 μὴ
883 2123 933 2165 ἐκ
965 2121 1159 2166 κλίςεως
1192 2123 1272 2176 (μὴ
1307 2121 1555 2175 ἑγκλίςεως
1585 2120 1699 2178 ΠΙΗ)
1734 2121 1805 2176 εἰη
1835 2122 1865 2175 ἢ
1899 2121 2103 2165 ἰωνικῶς
2142 2122 2264 2165 κατὰ
2300 2124 2392 2178 τὴν
2422 2136 2534 2179 προ-

366 2195 544 2250 ςθήκην
574 2193 732 2249 τεθείη
763 2195 792 2248 ἢ
828 2194 977 2250 ἑτέρῳ
1010 2193 1174 2236 κανόνι
1205 2193 1460 2246 κωλύεται,
1503 2193 1769 2247 δαςύνεται,
1811 2191 1915 2236 οἷον
1945 2192 2119 2248 ἡμέρα,
2143 2195 2338 2249 ἥμερος,
2371 2194 2534 2250 ἡμερίς

365 2267 393 2319 ἡ
427 2267 652 2320 ἄμπελος,
685 2265 814 2319 ἡμῖν,
846 2265 968 2318 ἡμᾶς
999 2266 1075 2307 καὶ
1107 2264 1166 2308 τὰ
1198 2264 1348 2315 ὅμοια.
1395 2263 1471 2307 «ei
1503 2265 1563 2317 μὴ
1598 2264 1650 2308 ἑκ
1671 2263 1868 2308 κλίςεως
1901 2263 2256 2319 (μὴ’,ἑγκλίςεως
2279 2263 2394 2323 UH)
2427 2265 2535 2321 εἴηδῖ

367 2338 471 2380 εἶπε
504 2337 578 2380 διὰ
607 2337 665 2380 τὸ
696 2337 929 2390 ἤμελλον,
961 2336 1079 2390 ὅπερ
1109 2338 1194 2378 τοῦ
1226 2339 1255 2377 ἓ
1284 2336 1374 2389 τὴν
1405 2336 1551 2389 ψιλὴν
1582 2336 1695 2389 ἔχει,
1727 2336 1979 2390 ἤμβροτες,
2019 2335 2170 2389 ἤμυνε
2203 2337 2279 2379 καί
2309 2336 2369 2379 τὰ
2399 2336 2536 2391 ὅμοια

436 2441 477 2451 ..
509 2409 576 2461 «ἢ
610 2407 814 2452 ἰωνικῶς
845 2408 964 2451 κατὰ
994 2407 1267 2462 προςθήκην
1306 2405 1501 2461 τεθείη»
1540 2407 1646 2450 εἶπε
1686 2406 1759 2449 διὰ
1796 2405 1854 2449 τὸ
1895 2405 1999 2458 μύω
2037 2406 2178 2461 ἠμύω
2209 2407 2267 2450 τὸ
2297 2407 2536 2462 ἑπικλίνω,

366 2481 484 2535 ὅπερ
515 2482 737 2534 ψιλοῡται
761 2511 906 2525 .....
941 2480 1004 2531 <<ἢ
1039 2478 1186 2534 ἑτέρῳ
1219 2478 1383 2521 κανόνι
1414 2478 1676 2522 κωλύεται»
1709 2479 1816 2522 εἶπε
1845 2477 1919 2519 διὰ
1949 2477 2007 2519 τὸ
2037 2477 2156 2530 ἦμος
2187 2479 2263 2521 καί
2293 2478 2433 2534 ἦμαρ.
2478 2492 2536 2522 ex

367 2564 462 2606 qua
501 2550 793 2608 expositione
837 2550 935 2593 noli
972 2549 1169 2604 propter
1204 2547 1380 2604 triplex
1421 2548 1527 2592 εἶπε
1567 2547 1846 2592 concludere
1894 2562 2182 2604 anonymum
2225 2547 2536 2607 interpretem

365 2623 450 2665 has
490 2621 697 2665 rationes
737 2621 784 2663 in
825 2619 1144 2677 supplementi
1186 2618 1445 2675 exemplari
1487 2631 1570 2661 suo
1608 2618 1864 2673 invenisse,
1911 2620 1994 2664 sed
2031 2619 2204 2676 petivit
2240 2633 2319 2663 eas
2359 2634 2417 2664 ex
2453 2619 2536 2665 illo

366 2693 529 2737 libello
562 2693 620 2736 de
653 2690 908 2748 spiritibus,
941 2703 1082 2746 quem
1113 2690 1279 2734 laudat
1308 2689 1469 2746 paullo
1502 2690 1612 2733 ante
1637 2694 1773 2746 71521:
1807 2691 1901 2735 ἔςτι
1931 2690 2260 2746 τεχνολόγημα
2289 2686 2399 2747 περὶ
2428 2692 2538 2735 τού-

367 2777 490 2818 των,
521 2765 641 2808 πότε
673 2763 730 2806 τὸ
762 2767 791 2806 ἃ
823 2763 916 2817 πρὸ
947 2766 1034 2806 τοῦ
1064 2753 1104 2816 β
1124 2763 1199 2805 καὶ
1232 2763 1326 2816 πρὸ
1357 2765 1443 2805 τοῦ
1475 2766 1505 2814 “T
1536 2763 1611 2806 καὶ
1648 2765 1751 2805 τῶν
1789 2764 1971 2806 λοιπῶν
2009 2761 2255 2817 ςτοιχείων
2291 2761 2535 2806 δαςύνεται

367 2838 395 2889 ἢ
428 2837 646 2890 ψιλοῡται
679 2838 763 2878 κτλ
786 2835 801 2890 ΙΙ
1163 2832 1192 2876 2
1223 2832 1340 2888 ὥρα]
1372 2831 1432 2875 ad
1461 2831 1550 2875 hoc
1581 2846 1768 2888 quoque
1802 2832 2071 2890 exemplum
2103 2846 2364 2889 anonymus
2393 2833 2536 2877 inter-

368 2919 475 2962 pres
508 2910 626 2962 7161¹
657 2905 891 2950 rationem
922 2903 1385 2961 pneumatologicam
1418 2902 1563 2954 adicit
1593 2917 1650 2948 ex
1679 2904 2090 2961 technologemate
2145 2905 2152 2960 1
2469 2903 2536 2949 εἰς

367 2978 574 3021 testatur
605 2976 749 3021 etiam
779 2981 828 3021 Σ
848 2981 967 3033 69218
1000 2975 1215 3032 (Porph):
1250 2989 1359 3019 nam
1392 2973 1618 3018 exhibent
1646 2974 1714 3018 ibi
1744 2975 2142 3032 praepositionem
2173 2974 2267 3018 UH
2526 2974 2533 3032 Ι

370 3049 547 3104 ὁμοίως
579 3050 654 3092 καί
685 3050 714 3103 ἡ
748 3047 884 3104 ψιλὴ]
928 3049 957 3101 ἡ
991 3048 1040 3091 δὲ
1070 3049 1184 3101 ψιλὴ
1217 3050 1267 3091 Σ
1294 3050 1414 3102 69219
1447 3045 1639 3102 (Porph)
1671 3046 1719 3089 in
1752 3045 1883 3090 OVb
1916 3046 1986 3102 (in
2016 3045 2113 3089 UH
2145 3045 2310 3090 desunt
2338 3047 2367 3100 ἡ
2401 3047 2451 3090 δὲ
2481 3071 2537 3078 -

371 3120 555 3175 ἀςεβής)
589 3121 636 3163 et
656 3123 758 3174 6958
794 3118 957 3174 (idem)
989 3117 1037 3161 in
1058 3117 1194 3162 UHb
1227 3116 1340 3173 (OV
1362 3130 1436 3161 om
1459 3119 1664 3174 6956-14),
1695 3118 1854 3172 ὥςπερ
1876 3119 1952 3161 καὶ
1973 3118 2001 3170 ἡ
2025 3119 2140 3172 ψιλὴ
2172 3119 2222 3160 Σ
2238 3119 2342 3171 6937
2374 3116 2536 3172 (idem)

370 3192 418 3233 in
451 3191 540 3234 OV
573 3190 641 3247 (in
674 3190 767 3234 UH
800 3190 971 3234 desunt
1001 3194 1026 3232 6
1058 3189 1377 3243 δαςυνόμενον
1409 3214 1463 3220 -—
1494 3193 1518 3232 7
1550 3188 1766 3243 φωνῆεν)
1818 3188 1834 3243 ΙΙ
2252 3187 2283 3232 3
2315 3188 2536 3243 ψιλούμε-

372 3263 476 3318 νον]
509 3267 558 3307 Σ
576 3266 678 3318 6938
709 3261 904 3318 (Porph)
937 3261 1098 3305 censet
1127 3258 1447 3316 supplementi
1476 3259 1656 3303 auctori
1687 3258 1956 3302 addendum
1987 3257 2128 3301 fuisse
2157 3258 2396 3314 ἀρκτικὸν,
2427 3256 2535 3302 vide

371 3346 513 3389 supra
543 3333 603 3377 ad
634 3333 700 3376 lin
733 3337 842 3376 1-2
887 3335 892 3387 Ι
1247 3331 1458 3385 ἔγραφον
1487 3343 1574 3374 nec
1603 3328 1899 3385 Porphyrius*
1918 3341 2072 3384 neque
2104 3341 2364 3384 anonymus
2394 3327 2536 3372 inter-

372 3418 480 3461 pres
510 3405 731 3457 testatur,
774 3403 857 3447 sed
886 3402 1015 3459 prius
1047 3401 1317 3459 exemplum
1350 3401 1478 3458 apud
1506 3403 1802 3456 Anonymum
1834 3403 1952 3455 71615
1983 3399 2148 3453 ἀςεβής
2180 3399 2265 3452 est,
2298 3399 2425 3454 quod
2455 3411 2539 3442 cur

372 3476 469 3520 leni
508 3474 807 3519 scribendum
847 3475 926 3526 sit,
974 3488 1132 3519 rursus
1171 3473 1365 3530 exponit
1395 3472 1525 3516 duce·
1543 3470 1911 3528 pneumatologo
1950 3482 2054 3523 su0,
2094 3469 2316 3526 idemque
2349 3469 2540 3515 exhibet

371 3548 546 3591 lemma
576 3546 901 3590 commentarii
932 3543 1243 3600 Porphyriani
1273 3547 1395 3600 69220
1426 3543 1475 3586 in
1506 3541 1635 3586 OVb
1681 3542 1687 3596 Ι
1900 3571 1907 3579 ,
2112 3542 2262 3596 ὄνομα
2291 3538 2546 3586 confirmat

373 3622 423 3662 Σ
457 3622 577 3674 71623
623 3617 834 3673 (Anon.,)
887 3616 968 3671 qui
1011 3616 1150 3659 huius
1196 3627 1383 3671 quoque
1429 3613 1557 3658 vocis
1601 3611 1832 3656 rationem
1882 3611 2344 3668 pneumatologicam
2394 3611 2539 3656 adicit
2589 3605 2593 3610 ’

373 3693 385 3745 ιι
785 3687 878 3732 3——
891 3688 921 3731 4
953 3688 1216 3742 φωνήεντα
1245 3712 1298 3718 -
1333 3702 1371 3731 ω
1403 3684 1606 3728 testatur
1636 3687 1685 3728 Σ
1712 3687 1813 3737 6956
1845 3681 2038 3739 (Porph)
2074 3683 2122 3725 in
2153 3681 2285 3726 UHb
2318 3681 2430 3737 (OV
2461 3695 2537 3726 om

374 3760 578 3815 6956-14).
641 3771 761 3814 quae
803 3760 959 3801 autem
1000 3758 1047 3800 in
1079 3757 1315 3813 Anonymi
1346 3753 1682 3801 commentario
1714 3752 1822 3796 inde
1855 3752 1913 3795 ab
1946 3757 2064 3808 ⁷¹719
2095 3752 2153 3796 de
2184 3751 2426 3808 spiritibus
2457 3751 2537 3795 do-

375 3831 539 3874 centur
582 3829 680 3872 noli
718 3829 914 3886 propter
951 3828 1125 3884 duplex
1164 3830 1306 3885 φηςίν
1345 3825 1529 3884 opinari
1567 3839 1623 3868 ex
1661 3823 1871 3881 ΡῙεηίοιο
1917 3823 2235 3880 supplementi
2280 3822 2538 3879 exemplari

375 3902 544 3946 hausta
565 3915 686 3955 esse3
721 3899 896 3944 etenim
927 3899 1003 3942 hic
1034 3912 1219 3954 quoque
1242 3898 1384 3955 φηςίν
1402 3911 1458 3942 ex
1488 3895 1607 3940 falsa
1627 3893 1895 3951 compendii
1914 3893 2125 3950 ambigui
2145 3892 2536 3949 interpretatione

376 3974 528 4015 ortum
561 3973 657 4022 est,
704 3970 959 4028 legendum
991 3973 1062 4013 est
1092 3969 1225 4024 φημί,
1258 3969 1378 4013 sicut
1409 3973 1528 4023 71214
1559 3966 1608 4009 et
1637 3992 1669 4021 19
1709 3966 1976 4021 (praeterea
2007 3969 2126 4019 '71720
2159 3964 2230 4008 ὧν
2259 3963 2535 4007 mutandum

378 4044 446 4086 est
475 4042 522 4085 in
554 4043 644 4098 ὃν).
669 4043 685 4098 ΙΙ
1047 4041 1166 4096 5-1)
1191 4039 1296 4094 113,
1317 4039 1349 4084 4
1379 4043 1429 4083 Σ
1446 4041 1564 4092 69518
1597 4036 1797 4092 (Porph)
1831 4036 1895 4090 <<ἡ
1928 4037 1979 4080 δὲ
2010 4036 2313 4090 ἀπόςτροφος
2342 4034 2536 4090 τίθεται,
