<?xml version="1.0" encoding="UTF-8"?>
<!DOCTYPE html PUBLIC "-//W3C//DTD XHTML 1.0 Transitional//EN"
    "http://www.w3.org/TR/xhtml1/DTD/xhtml1-transitional.dtd">
<html xmlns="http://www.w3.org/1999/xhtml" xml:lang="en" lang="en">
 <head>
  <title>
</title>
<meta http-equiv="Content-Type" content="text/html;charset=utf-8" />
  <meta name='ocr-system' content='tesseract 3.04.00' />
  <meta name='ocr-capabilities' content='ocr_page ocr_carea ocr_par ocr_line ocrx_word'/>
</head>
<body>
  <div class='ocr_page' id='page_1' title='image "./dionysiithracisa00dionuoft_0152.png"; bbox 0 0 2808 4394; ppageno 0'>
   <div class='ocr_carea' id='block_1_1' title="bbox 368 286 1994 343">
    <p class='ocr_par' dir='ltr' id='par_1_1' title="bbox 368 286 1994 343">
     <span class='ocr_line' id='line_1_1' title="bbox 368 286 1994 343; baseline -0.002 -7"><span class='ocrx_word' id='word_1_1' title='bbox 368 290 436 343; x_wconf 76' lang='grc'>52</span> <span class='ocrx_word' id='word_1_2' title='bbox 906 293 930 341; x_wconf 65' lang='grc' dir='ltr'>ξ</span> <span class='ocrx_word' id='word_1_3' title='bbox 968 293 1034 332; x_wconf 88' lang='grc'>13.</span> <span class='ocrx_word' id='word_1_4' title='bbox 1069 293 1120 332; x_wconf 88' lang='grc'>14</span> <span class='ocrx_word' id='word_1_5' title='bbox 1153 289 1241 343; x_wconf 88' lang='lat'>(15.</span> <span class='ocrx_word' id='word_1_6' title='bbox 1280 293 1350 343; x_wconf 88' lang='grc'>16)</span> <span class='ocrx_word' id='word_1_7' title='bbox 1411 287 1499 333; x_wconf 87' lang='lat' dir='ltr'>EX</span> <span class='ocrx_word' id='word_1_8' title='bbox 1539 286 1686 337; x_wconf 75' lang='lat' dir='ltr'><strong>REO.</strong></span> <span class='ocrx_word' id='word_1_9' title='bbox 1726 287 1994 333; x_wconf 84' lang='lat' dir='ltr'><strong>PRIORE</strong></span> 
     </span>
    </p>
   </div>
   <div class='ocr_carea' id='block_1_2' title="bbox 367 486 641 492">
    <p class='ocr_par' dir='ltr' id='par_1_2' title="bbox 367 486 641 492">
     <span class='ocr_line' id='line_1_2' title="bbox 367 486 641 492; baseline 0 0"><span class='ocrx_word' id='word_1_10' title='bbox 367 486 641 492; x_wconf 95' lang='lat' dir='ltr'> </span> 
     </span>
    </p>
   </div>
   <div class='ocr_carea' id='block_1_3' title="bbox 365 552 2537 898">
    <p class='ocr_par' dir='ltr' id='par_1_3' title="bbox 365 552 2537 898">
     <span class='ocr_line' id='line_1_3' title="bbox 371 552 2534 615; baseline 0.001 -15"><span class='ocrx_word' id='word_1_11' title='bbox 371 558 763 614; x_wconf 66' lang='lat' dir='ltr'>[DISCREPANTIAE</span> <span class='ocrx_word' id='word_1_12' title='bbox 775 573 832 599; x_wconf 76' lang='lat' dir='ltr'>Er</span> <span class='ocrx_word' id='word_1_13' title='bbox 853 572 1135 600; x_wconf 73' lang='lat' dir='ltr'>TESTIMONIA</span> <span class='ocrx_word' id='word_1_14' title='bbox 1153 572 1391 604; x_wconf 74' lang='lat' dir='ltr'>scnomon.</span> <span class='ocrx_word' id='word_1_15' title='bbox 1405 560 1576 613; x_wconf 80' lang='grc' dir='ltr'>(Σσλ)</span> <span class='ocrx_word' id='word_1_16' title='bbox 1596 572 1903 603; x_wconf 78' lang='lat' dir='ltr'><strong>EROTEMATVM</strong></span> <span class='ocrx_word' id='word_1_17' title='bbox 1919 560 2003 615; x_wconf 88' lang='lat' dir='ltr'>(E)</span> <span class='ocrx_word' id='word_1_18' title='bbox 2022 574 2220 603; x_wconf 80' lang='lat' dir='ltr'><strong>ALIORVM</strong></span> <span class='ocrx_word' id='word_1_19' title='bbox 2237 552 2534 615; x_wconf 63' lang='lat' dir='ltr'>scmmorivu]</span> 
     </span>
     <span class='ocr_line' id='line_1_4' title="bbox 368 627 2535 685; baseline 0.001 -13"><span class='ocrx_word' id='word_1_20' title='bbox 368 643 457 682; x_wconf 92' lang='grc' dir='ltr'>φει.</span> <span class='ocrx_word' id='word_1_21' title='bbox 506 627 667 671; x_wconf 86' lang='lat' dir='ltr'>Choer.</span> <span class='ocrx_word' id='word_1_22' title='bbox 693 633 834 683; x_wconf 73' lang='lat'>47727:</span> <span class='ocrx_word' id='word_1_23' title='bbox 867 629 1100 683; x_wconf 89' lang='grc' dir='ltr'>πρόςωπα</span> <span class='ocrx_word' id='word_1_24' title='bbox 1121 630 1171 673; x_wconf 81' lang='grc' dir='ltr'>δέ</span> <span class='ocrx_word' id='word_1_25' title='bbox 1196 627 1278 673; x_wconf 87' lang='grc' dir='ltr'>εἰςι</span> <span class='ocrx_word' id='word_1_26' title='bbox 1299 628 1423 683; x_wconf 83' lang='grc' dir='ltr'>τρία·</span> <span class='ocrx_word' id='word_1_27' title='bbox 1448 634 1658 682; x_wconf 83' lang='grc' dir='ltr'>πρῶτον,</span> <span class='ocrx_word' id='word_1_28' title='bbox 1690 630 1915 684; x_wconf 81' lang='grc' dir='ltr'>δεύτερον</span> <span class='ocrx_word' id='word_1_29' title='bbox 1933 632 2007 673; x_wconf 86' lang='grc' dir='ltr'>καὶ</span> <span class='ocrx_word' id='word_1_30' title='bbox 2029 630 2203 685; x_wconf 87' lang='grc' dir='ltr'>τρίτον.</span> <span class='ocrx_word' id='word_1_31' title='bbox 2264 632 2340 674; x_wconf 88' lang='grc' dir='ltr'>καὶ</span> <span class='ocrx_word' id='word_1_32' title='bbox 2361 631 2486 683; x_wconf 85' lang='grc' dir='ltr'>λέγει</span> <span class='ocrx_word' id='word_1_33' title='bbox 2509 631 2535 674; x_wconf 91' lang='lat'>6</span> 
     </span>
     <span class='ocr_line' id='line_1_5' title="bbox 365 691 2537 762; baseline -0 -18"><span class='ocrx_word' id='word_1_34' title='bbox 365 700 611 762; x_wconf 74' lang='grc' dir='ltr'>Διονύςιος</span> <span class='ocrx_word' id='word_1_35' title='bbox 630 700 703 742; x_wconf 89' lang='grc' dir='ltr'>ὅτι</span> <span class='ocrx_word' id='word_1_36' title='bbox 732 703 925 754; x_wconf 86' lang='grc' dir='ltr'>πρῶτον</span> <span class='ocrx_word' id='word_1_37' title='bbox 948 700 1030 753; x_wconf 89' lang='grc' dir='ltr'>μέν</span> <span class='ocrx_word' id='word_1_38' title='bbox 1053 700 1176 743; x_wconf 82' lang='grc' dir='ltr'>ἐςτιν</span> <span class='ocrx_word' id='word_1_39' title='bbox 1198 700 1291 753; x_wconf 81' lang='grc' dir='ltr'>ἀφ’</span> <span class='ocrx_word' id='word_1_40' title='bbox 1321 701 1378 742; x_wconf 83' lang='grc' dir='ltr'>οὗ</span> <span class='ocrx_word' id='word_1_41' title='bbox 1409 701 1434 743; x_wconf 98' lang='lat'>6</span> <span class='ocrx_word' id='word_1_42' title='bbox 1461 691 1626 755; x_wconf 84' lang='grc' dir='ltr'>λόγος,</span> <span class='ocrx_word' id='word_1_43' title='bbox 1659 698 1764 744; x_wconf 84' lang='grc' dir='ltr'>οἷον</span> <span class='ocrx_word' id='word_1_44' title='bbox 1794 702 1988 744; x_wconf 84' lang='grc' dir='ltr'>τύπτω’</span> <span class='ocrx_word' id='word_1_45' title='bbox 2021 701 2244 756; x_wconf 84' lang='grc' dir='ltr'>δεύτερον</span> <span class='ocrx_word' id='word_1_46' title='bbox 2265 701 2317 744; x_wconf 78' lang='grc' dir='ltr'>δὲ</span> <span class='ocrx_word' id='word_1_47' title='bbox 2337 702 2458 756; x_wconf 89' lang='grc' dir='ltr'>πρὸς</span> <span class='ocrx_word' id='word_1_48' title='bbox 2479 701 2537 744; x_wconf 86' lang='grc' dir='ltr'>ὃν</span> 
     </span>
     <span class='ocr_line' id='line_1_6' title="bbox 367 769 2537 827; baseline 0 -14"><span class='ocrx_word' id='word_1_49' title='bbox 367 772 392 813; x_wconf 93' lang='lat'>6</span> <span class='ocrx_word' id='word_1_50' title='bbox 424 771 578 823; x_wconf 94' lang='grc' dir='ltr'>λόγος,</span> <span class='ocrx_word' id='word_1_51' title='bbox 613 769 716 813; x_wconf 86' lang='grc' dir='ltr'>οἷον</span> <span class='ocrx_word' id='word_1_52' title='bbox 746 771 957 814; x_wconf 86' lang='grc' dir='ltr'>τύπτεις·</span> <span class='ocrx_word' id='word_1_53' title='bbox 989 771 1151 825; x_wconf 75' lang='grc' dir='ltr'>τρίτον</span> <span class='ocrx_word' id='word_1_54' title='bbox 1182 771 1232 814; x_wconf 82' lang='grc' dir='ltr'>δὲ</span> <span class='ocrx_word' id='word_1_55' title='bbox 1263 772 1369 825; x_wconf 87' lang='grc' dir='ltr'>περὶ</span> <span class='ocrx_word' id='word_1_56' title='bbox 1401 770 1456 814; x_wconf 86' lang='grc' dir='ltr'>οὗ</span> <span class='ocrx_word' id='word_1_57' title='bbox 1489 772 1515 814; x_wconf 93' lang='lat'>6</span> <span class='ocrx_word' id='word_1_58' title='bbox 1548 771 1705 825; x_wconf 91' lang='grc' dir='ltr'>λόγος,</span> <span class='ocrx_word' id='word_1_59' title='bbox 1738 770 1842 815; x_wconf 83' lang='grc' dir='ltr'>οἷον</span> <span class='ocrx_word' id='word_1_60' title='bbox 1871 772 2053 816; x_wconf 84' lang='grc' dir='ltr'>τύπτει.</span> <span class='ocrx_word' id='word_1_61' title='bbox 2076 796 2127 802; x_wconf 90' lang='grc'>-</span> <span class='ocrx_word' id='word_1_62' title='bbox 2153 770 2456 827; x_wconf 84' lang='lat' dir='ltr'>Vituperavit</span> <span class='ocrx_word' id='word_1_63' title='bbox 2482 771 2537 814; x_wconf 86' lang='lat' dir='ltr'>ut</span> 
     </span>
     <span class='ocr_line' id='line_1_7' title="bbox 365 840 2537 898; baseline 0.001 -16"><span class='ocrx_word' id='word_1_64' title='bbox 365 854 553 883; x_wconf 88' lang='lat' dir='ltr'>mancas</span> <span class='ocrx_word' id='word_1_65' title='bbox 570 853 624 883; x_wconf 87' lang='lat' dir='ltr'>ac</span> <span class='ocrx_word' id='word_1_66' title='bbox 647 840 886 896; x_wconf 89' lang='lat' dir='ltr'>supplevit</span> <span class='ocrx_word' id='word_1_67' title='bbox 901 841 986 884; x_wconf 90' lang='lat' dir='ltr'>has</span> <span class='ocrx_word' id='word_1_68' title='bbox 1003 841 1275 896; x_wconf 86' lang='grc' dir='ltr'>προςώπων</span> <span class='ocrx_word' id='word_1_69' title='bbox 1295 840 1530 884; x_wconf 83' lang='lat' dir='ltr'>finitiones</span> <span class='ocrx_word' id='word_1_70' title='bbox 1540 841 1830 897; x_wconf 87' lang='lat' dir='ltr'>Apollonius,</span> <span class='ocrx_word' id='word_1_71' title='bbox 1849 842 1902 884; x_wconf 92' lang='lat' dir='ltr'>ut</span> <span class='ocrx_word' id='word_1_72' title='bbox 1918 841 2065 885; x_wconf 86' lang='lat' dir='ltr'>refert</span> <span class='ocrx_word' id='word_1_73' title='bbox 2075 841 2237 886; x_wconf 88' lang='lat' dir='ltr'>Choer.</span> <span class='ocrx_word' id='word_1_74' title='bbox 2257 846 2401 898; x_wconf 69' lang='lat'>4&#39;7&#39;730:¹</span> <span class='ocrx_word' id='word_1_75' title='bbox 2417 842 2537 896; x_wconf 88' lang='grc' dir='ltr'>Λαμ-</span> 
     </span>
    </p>
   </div>
   <div class='ocr_carea' id='block_1_4' title="bbox 296 911 2537 966">
    <p class='ocr_par' dir='ltr' id='par_1_4' title="bbox 296 911 2537 966">
     <span class='ocr_line' id='line_1_8' title="bbox 296 911 2537 966; baseline 0 -12"><span class='ocrx_word' id='word_1_76' title='bbox 296 950 301 955; x_wconf 72' lang='grc'><strong>.</strong></span> <span class='ocrx_word' id='word_1_77' title='bbox 367 912 554 965; x_wconf 84' lang='grc' dir='ltr'>βάνεται</span> <span class='ocrx_word' id='word_1_78' title='bbox 584 911 634 954; x_wconf 83' lang='grc' dir='ltr'>δὲ</span> <span class='ocrx_word' id='word_1_79' title='bbox 665 913 690 954; x_wconf 91' lang='lat'>6</span> <span class='ocrx_word' id='word_1_80' title='bbox 725 912 1048 956; x_wconf 89' lang='grc' dir='ltr'>Ἀπολλώνιος</span> <span class='ocrx_word' id='word_1_81' title='bbox 1078 916 1163 956; x_wconf 84' lang='grc' dir='ltr'>τοῦ</span> <span class='ocrx_word' id='word_1_82' title='bbox 1197 912 1508 966; x_wconf 82' lang='grc' dir='ltr'>προκειμένου</span> <span class='ocrx_word' id='word_1_83' title='bbox 1541 913 1706 966; x_wconf 82' lang='grc' dir='ltr'>λόγου,</span> <span class='ocrx_word' id='word_1_84' title='bbox 1740 913 1894 966; x_wconf 92' lang='grc' dir='ltr'>λέγων</span> <span class='ocrx_word' id='word_1_85' title='bbox 1928 912 1994 963; x_wconf 89' lang='lat' dir='ltr'>(in</span> <span class='ocrx_word' id='word_1_86' title='bbox 2015 912 2291 963; x_wconf 86' lang='lat' dir='ltr'>rhematico)</span> <span class='ocrx_word' id='word_1_87' title='bbox 2325 914 2398 956; x_wconf 88' lang='grc' dir='ltr'>ὅτι</span> <span class='ocrx_word' id='word_1_88' title='bbox 2428 913 2537 956; x_wconf 84' lang='grc' dir='ltr'>δέον</span> 
     </span>
    </p>
   </div>
   <div class='ocr_carea' id='block_1_5' title="bbox 362 982 2543 2953">
    <p class='ocr_par' dir='ltr' id='par_1_5' title="bbox 362 982 2543 2953">
     <span class='ocr_line' id='line_1_9' title="bbox 367 982 2535 1038; baseline 0 -13"><span class='ocrx_word' id='word_1_89' title='bbox 367 983 460 1025; x_wconf 82' lang='grc' dir='ltr'>έςτὶ</span> <span class='ocrx_word' id='word_1_90' title='bbox 486 984 561 1026; x_wconf 87' lang='grc' dir='ltr'>καὶ</span> <span class='ocrx_word' id='word_1_91' title='bbox 586 983 858 1037; x_wconf 81' lang='grc' dir='ltr'>προςθεῖναί</span> <span class='ocrx_word' id='word_1_92' title='bbox 881 996 987 1026; x_wconf 88' lang='grc' dir='ltr'>τινα</span> <span class='ocrx_word' id='word_1_93' title='bbox 1017 984 1093 1027; x_wconf 87' lang='grc' dir='ltr'>καὶ</span> <span class='ocrx_word' id='word_1_94' title='bbox 1125 982 1275 1027; x_wconf 84' lang='grc' dir='ltr'>εἰπεῖν</span> <span class='ocrx_word' id='word_1_95' title='bbox 1307 983 1483 1026; x_wconf 79' lang='grc' dir='ltr'>οὕτως’</span> <span class='ocrx_word' id='word_1_96' title='bbox 1515 983 1587 1025; x_wconf 91' lang='grc' dir='ltr'>ὅτι</span> <span class='ocrx_word' id='word_1_97' title='bbox 1615 987 1809 1037; x_wconf 85' lang='grc' dir='ltr'>πρῶτον</span> <span class='ocrx_word' id='word_1_98' title='bbox 1842 984 1927 1037; x_wconf 86' lang='grc' dir='ltr'>μέν</span> <span class='ocrx_word' id='word_1_99' title='bbox 1959 984 2052 1026; x_wconf 82' lang='grc' dir='ltr'>ἑςτι</span> <span class='ocrx_word' id='word_1_100' title='bbox 2084 984 2343 1038; x_wconf 72' lang='grc' dir='ltr'>πρόςωπον</span> <span class='ocrx_word' id='word_1_101' title='bbox 2375 983 2459 1036; x_wconf 84' lang='grc' dir='ltr'>ἀφ’</span> <span class='ocrx_word' id='word_1_102' title='bbox 2480 982 2535 1026; x_wconf 81' lang='grc' dir='ltr'>οὗ</span> 
     </span>
     <span class='ocr_line' id='line_1_10' title="bbox 366 1052 2537 1108; baseline 0 -12"><span class='ocrx_word' id='word_1_103' title='bbox 366 1054 391 1096; x_wconf 93' lang='lat'>6</span> <span class='ocrx_word' id='word_1_104' title='bbox 426 1054 566 1107; x_wconf 90' lang='grc' dir='ltr'>λόγος</span> <span class='ocrx_word' id='word_1_105' title='bbox 598 1055 674 1097; x_wconf 86' lang='grc' dir='ltr'>καὶ</span> <span class='ocrx_word' id='word_1_106' title='bbox 704 1055 809 1108; x_wconf 86' lang='grc' dir='ltr'>περὶ</span> <span class='ocrx_word' id='word_1_107' title='bbox 842 1054 954 1107; x_wconf 80' lang='grc' dir='ltr'>ἐμοῦ</span> <span class='ocrx_word' id='word_1_108' title='bbox 1002 1058 1088 1097; x_wconf 84' lang='grc' dir='ltr'>τοῦ</span> <span class='ocrx_word' id='word_1_109' title='bbox 1136 1058 1563 1108; x_wconf 82' lang='grc' dir='ltr'>προςφωνοῦντος,</span> <span class='ocrx_word' id='word_1_110' title='bbox 1610 1055 1836 1108; x_wconf 83' lang='grc' dir='ltr'>δεύτερον</span> <span class='ocrx_word' id='word_1_111' title='bbox 1874 1054 1923 1096; x_wconf 78' lang='grc' dir='ltr'>δέ</span> <span class='ocrx_word' id='word_1_112' title='bbox 1970 1054 2063 1097; x_wconf 81' lang='grc' dir='ltr'>ἑςτι</span> <span class='ocrx_word' id='word_1_113' title='bbox 2109 1055 2370 1108; x_wconf 89' lang='grc' dir='ltr'>πρόςωπον</span> <span class='ocrx_word' id='word_1_114' title='bbox 2416 1052 2537 1108; x_wconf 90' lang='grc' dir='ltr'>πρὸς</span> 
     </span>
     <span class='ocr_line' id='line_1_11' title="bbox 366 1125 2537 1180; baseline -0.001 -12"><span class='ocrx_word' id='word_1_115' title='bbox 366 1125 422 1167; x_wconf 87' lang='grc' dir='ltr'>ὃν</span> <span class='ocrx_word' id='word_1_116' title='bbox 454 1126 479 1168; x_wconf 93' lang='lat'>6</span> <span class='ocrx_word' id='word_1_117' title='bbox 511 1125 651 1177; x_wconf 88' lang='grc' dir='ltr'>λόγος</span> <span class='ocrx_word' id='word_1_118' title='bbox 682 1126 759 1168; x_wconf 85' lang='grc' dir='ltr'>καὶ</span> <span class='ocrx_word' id='word_1_119' title='bbox 791 1126 897 1180; x_wconf 90' lang='grc' dir='ltr'>περὶ</span> <span class='ocrx_word' id='word_1_120' title='bbox 929 1125 1076 1168; x_wconf 83' lang='grc' dir='ltr'>αὐτοῦ</span> <span class='ocrx_word' id='word_1_121' title='bbox 1107 1128 1192 1168; x_wconf 85' lang='grc' dir='ltr'>τοῦ</span> <span class='ocrx_word' id='word_1_122' title='bbox 1234 1125 1692 1179; x_wconf 88' lang='grc' dir='ltr'>προςφωνουμένου,</span> <span class='ocrx_word' id='word_1_123' title='bbox 1732 1125 1894 1179; x_wconf 82' lang='grc' dir='ltr'>τρίτον</span> <span class='ocrx_word' id='word_1_124' title='bbox 1933 1125 1982 1168; x_wconf 85' lang='grc' dir='ltr'>δέ</span> <span class='ocrx_word' id='word_1_125' title='bbox 2012 1126 2107 1169; x_wconf 80' lang='grc' dir='ltr'>έςτι</span> <span class='ocrx_word' id='word_1_126' title='bbox 2136 1125 2399 1180; x_wconf 57' lang='grc' dir='ltr'>γπρόςωπον</span> <span class='ocrx_word' id='word_1_127' title='bbox 2429 1125 2537 1178; x_wconf 81' lang='grc' dir='ltr'>περὶ</span> 
     </span>
     <span class='ocr_line' id='line_1_12' title="bbox 367 1193 2540 1251; baseline -0.002 -12"><span class='ocrx_word' id='word_1_128' title='bbox 367 1196 422 1239; x_wconf 79' lang='grc' dir='ltr'>οὗ</span> <span class='ocrx_word' id='word_1_129' title='bbox 457 1197 482 1239; x_wconf 95' lang='lat'>6</span> <span class='ocrx_word' id='word_1_130' title='bbox 515 1197 656 1249; x_wconf 89' lang='grc' dir='ltr'>λόγος</span> <span class='ocrx_word' id='word_1_131' title='bbox 698 1196 814 1250; x_wconf 88' lang='grc' dir='ltr'>μήτε</span> <span class='ocrx_word' id='word_1_132' title='bbox 856 1199 1261 1250; x_wconf 85' lang='grc' dir='ltr'>προςφωνοῡντος</span> <span class='ocrx_word' id='word_1_133' title='bbox 1303 1196 1420 1250; x_wconf 88' lang='grc' dir='ltr'>μήτε</span> <span class='ocrx_word' id='word_1_134' title='bbox 1459 1197 1909 1250; x_wconf 88' lang='grc' dir='ltr'>προςφωνουμένου.</span> <span class='ocrx_word' id='word_1_135' title='bbox 1972 1195 2254 1251; x_wconf 83' lang='lat' dir='ltr'><strong>quibuscum</strong></span> <span class='ocrx_word' id='word_1_136' title='bbox 2285 1193 2540 1238; x_wconf 86' lang='lat' dir='ltr'>concinunt</span> 
     </span>
     <span class='ocr_line' id='line_1_13' title="bbox 366 1265 2538 1322; baseline -0.001 -13"><span class='ocrx_word' id='word_1_137' title='bbox 366 1279 488 1322; x_wconf 87' lang='lat' dir='ltr'>quae</span> <span class='ocrx_word' id='word_1_138' title='bbox 527 1266 730 1322; x_wconf 88' lang='lat' dir='ltr'>legimus</span> <span class='ocrx_word' id='word_1_139' title='bbox 768 1266 817 1308; x_wconf 89' lang='lat' dir='ltr'>in</span> <span class='ocrx_word' id='word_1_140' title='bbox 853 1266 973 1309; x_wconf 88' lang='lat' dir='ltr'>libro</span> <span class='ocrx_word' id='word_1_141' title='bbox 1013 1265 1072 1309; x_wconf 90' lang='lat' dir='ltr'>de</span> <span class='ocrx_word' id='word_1_142' title='bbox 1111 1278 1324 1322; x_wconf 84' lang='lat' dir='ltr'>pronom‚</span> <span class='ocrx_word' id='word_1_143' title='bbox 1356 1279 1387 1321; x_wconf 89' lang='lat' dir='ltr'>p</span> <span class='ocrx_word' id='word_1_144' title='bbox 1419 1270 1472 1308; x_wconf 87' lang='grc'>22</span> <span class='ocrx_word' id='word_1_145' title='bbox 1503 1268 1580 1320; x_wconf 67' lang='lat' dir='ltr'>Am</span> <span class='ocrx_word' id='word_1_146' title='bbox 1610 1265 1661 1309; x_wconf 90' lang='grc' dir='ltr'>Β.</span> <span class='ocrx_word' id='word_1_147' title='bbox 1697 1271 1785 1322; x_wconf 70' lang='lat'>1819</span> <span class='ocrx_word' id='word_1_148' title='bbox 1817 1266 1976 1314; x_wconf 79' lang='lat' dir='ltr'>Schn.:</span> <span class='ocrx_word' id='word_1_149' title='bbox 2017 1268 2136 1322; x_wconf 89' lang='grc' dir='ltr'>ὅπερ</span> <span class='ocrx_word' id='word_1_150' title='bbox 2166 1267 2340 1322; x_wconf 79' lang='grc' dir='ltr'>ῥητέον</span> <span class='ocrx_word' id='word_1_151' title='bbox 2370 1266 2424 1309; x_wconf 85' lang='grc' dir='ltr'>ἑν</span> <span class='ocrx_word' id='word_1_152' title='bbox 2455 1265 2538 1319; x_wconf 80' lang='grc' dir='ltr'>μέν</span> 
     </span>
     <span class='ocr_line' id='line_1_14' title="bbox 364 1336 2538 1394; baseline -0 -14"><span class='ocrx_word' id='word_1_153' title='bbox 364 1342 422 1393; x_wconf 87' lang='grc' dir='ltr'>τῇ</span> <span class='ocrx_word' id='word_1_154' title='bbox 456 1340 563 1393; x_wconf 87' lang='grc' dir='ltr'>περὶ</span> <span class='ocrx_word' id='word_1_155' title='bbox 597 1339 766 1381; x_wconf 83' lang='grc' dir='ltr'>ἑαυτοῦ</span> <span class='ocrx_word' id='word_1_156' title='bbox 799 1337 1048 1390; x_wconf 88' lang='grc' dir='ltr'>ἀποφάςει,</span> <span class='ocrx_word' id='word_1_157' title='bbox 1083 1341 1280 1391; x_wconf 80' lang='grc' dir='ltr'>πρῶτον</span> <span class='ocrx_word' id='word_1_158' title='bbox 1312 1336 1414 1392; x_wconf 88' lang='lat' dir='ltr'>(scil</span> <span class='ocrx_word' id='word_1_159' title='bbox 1443 1337 1705 1391; x_wconf 89' lang='grc' dir='ltr'>πρόςωπόν</span> <span class='ocrx_word' id='word_1_160' title='bbox 1737 1337 1897 1394; x_wconf 82' lang='grc' dir='ltr'>ἐςτιν),</span> <span class='ocrx_word' id='word_1_161' title='bbox 1929 1338 2023 1391; x_wconf 84' lang='grc' dir='ltr'>εἴγε</span> <span class='ocrx_word' id='word_1_162' title='bbox 2055 1340 2130 1382; x_wconf 88' lang='grc' dir='ltr'>καὶ</span> <span class='ocrx_word' id='word_1_163' title='bbox 2160 1339 2189 1391; x_wconf 85' lang='grc' dir='ltr'>ἡ</span> <span class='ocrx_word' id='word_1_164' title='bbox 2223 1338 2273 1381; x_wconf 80' lang='grc' dir='ltr'>ἐν</span> <span class='ocrx_word' id='word_1_165' title='bbox 2304 1341 2402 1380; x_wconf 81' lang='grc' dir='ltr'>τοῖς</span> <span class='ocrx_word' id='word_1_166' title='bbox 2433 1337 2538 1389; x_wconf 83' lang='grc' dir='ltr'>ἑξῆς</span> 
     </span>
     <span class='ocr_line' id='line_1_15' title="bbox 366 1407 2536 1463; baseline -0.001 -12"><span class='ocrx_word' id='word_1_167' title='bbox 366 1409 639 1463; x_wconf 87' lang='grc' dir='ltr'>προςώποις</span> <span class='ocrx_word' id='word_1_168' title='bbox 680 1407 919 1462; x_wconf 88' lang='grc' dir='ltr'>ἀπόφαςις</span> <span class='ocrx_word' id='word_1_169' title='bbox 961 1408 1007 1451; x_wconf 83' lang='grc' dir='ltr'>ἑξ</span> <span class='ocrx_word' id='word_1_170' title='bbox 1047 1408 1195 1451; x_wconf 83' lang='grc' dir='ltr'>αὐτοῦ</span> <span class='ocrx_word' id='word_1_171' title='bbox 1235 1407 1437 1460; x_wconf 83' lang='grc' dir='ltr'>γίνεται·</span> <span class='ocrx_word' id='word_1_172' title='bbox 1478 1407 1530 1449; x_wconf 81' lang='grc' dir='ltr'>ἑν</span> <span class='ocrx_word' id='word_1_173' title='bbox 1569 1407 1618 1450; x_wconf 81' lang='grc' dir='ltr'>δέ</span> <span class='ocrx_word' id='word_1_174' title='bbox 1656 1411 1715 1462; x_wconf 84' lang='grc' dir='ltr'>τῇ</span> <span class='ocrx_word' id='word_1_175' title='bbox 1747 1409 1868 1462; x_wconf 90' lang='grc' dir='ltr'>πρὸς</span> <span class='ocrx_word' id='word_1_176' title='bbox 1902 1409 1958 1452; x_wconf 93' lang='grc' dir='ltr'>ὃν</span> <span class='ocrx_word' id='word_1_177' title='bbox 1991 1410 2016 1452; x_wconf 91' lang='lat'>6</span> <span class='ocrx_word' id='word_1_178' title='bbox 2048 1409 2188 1461; x_wconf 93' lang='grc' dir='ltr'>λόγος</span> <span class='ocrx_word' id='word_1_179' title='bbox 2219 1408 2338 1462; x_wconf 81' lang='grc' dir='ltr'>ὑπὲρ</span> <span class='ocrx_word' id='word_1_180' title='bbox 2369 1408 2536 1460; x_wconf 83' lang='grc' dir='ltr'>αὐτοῦ,</span> 
     </span>
     <span class='ocr_line' id='line_1_16' title="bbox 365 1477 2538 1535; baseline -0.001 -13"><span class='ocrx_word' id='word_1_181' title='bbox 365 1479 607 1533; x_wconf 84' lang='grc' dir='ltr'>δεύτερον·</span> <span class='ocrx_word' id='word_1_182' title='bbox 660 1479 711 1521; x_wconf 84' lang='grc' dir='ltr'>έν</span> <span class='ocrx_word' id='word_1_183' title='bbox 749 1478 799 1521; x_wconf 82' lang='grc' dir='ltr'>δὲ</span> <span class='ocrx_word' id='word_1_184' title='bbox 840 1482 898 1532; x_wconf 86' lang='grc' dir='ltr'>τῇ</span> <span class='ocrx_word' id='word_1_185' title='bbox 950 1478 1068 1531; x_wconf 89' lang='grc' dir='ltr'>μήτε</span> <span class='ocrx_word' id='word_1_186' title='bbox 1115 1479 1462 1534; x_wconf 88' lang='grc' dir='ltr'>προςφωνούςῃ</span> <span class='ocrx_word' id='word_1_187' title='bbox 1506 1478 1622 1532; x_wconf 87' lang='grc' dir='ltr'>μήτε</span> <span class='ocrx_word' id='word_1_188' title='bbox 1656 1481 2094 1535; x_wconf 87' lang='grc' dir='ltr'>προςφωνουμένῃ,</span> <span class='ocrx_word' id='word_1_189' title='bbox 2126 1478 2300 1534; x_wconf 86' lang='grc' dir='ltr'>τρίτον.</span> <span class='ocrx_word' id='word_1_190' title='bbox 2362 1478 2418 1521; x_wconf 81' lang='grc' dir='ltr'>οὐ</span> <span class='ocrx_word' id='word_1_191' title='bbox 2449 1477 2538 1531; x_wconf 89' lang='grc' dir='ltr'>γὰρ</span> 
     </span>
     <span class='ocr_line' id='line_1_17' title="bbox 364 1548 2538 1604; baseline -0 -12"><span class='ocrx_word' id='word_1_192' title='bbox 364 1550 489 1603; x_wconf 80' lang='grc' dir='ltr'>ὑγιές</span> <span class='ocrx_word' id='word_1_193' title='bbox 527 1551 583 1592; x_wconf 91' lang='grc' dir='ltr'>τὸ</span> <span class='ocrx_word' id='word_1_194' title='bbox 623 1550 797 1603; x_wconf 87' lang='grc' dir='ltr'>λέγειν,</span> <span class='ocrx_word' id='word_1_195' title='bbox 839 1549 911 1592; x_wconf 90' lang='grc' dir='ltr'>ὅτι</span> <span class='ocrx_word' id='word_1_196' title='bbox 952 1553 1148 1604; x_wconf 79' lang='grc' dir='ltr'>πρῶτον</span> <span class='ocrx_word' id='word_1_197' title='bbox 1185 1548 1446 1602; x_wconf 88' lang='grc' dir='ltr'>πρόςωπον</span> <span class='ocrx_word' id='word_1_198' title='bbox 1477 1548 1535 1591; x_wconf 88' lang='grc' dir='ltr'>τὸ</span> <span class='ocrx_word' id='word_1_199' title='bbox 1567 1548 1975 1603; x_wconf 80' lang='grc' dir='ltr'>ἀποφαινόμενον,</span> <span class='ocrx_word' id='word_1_200' title='bbox 2017 1552 2093 1594; x_wconf 82' lang='grc' dir='ltr'>καὶ</span> <span class='ocrx_word' id='word_1_201' title='bbox 2123 1550 2197 1593; x_wconf 77' lang='grc' dir='ltr'>ἔτι</span> <span class='ocrx_word' id='word_1_202' title='bbox 2225 1550 2449 1603; x_wconf 82' lang='grc' dir='ltr'>δεύτερον</span> <span class='ocrx_word' id='word_1_203' title='bbox 2479 1549 2538 1591; x_wconf 85' lang='grc' dir='ltr'>τὸ</span> 
     </span>
     <span class='ocr_line' id='line_1_18' title="bbox 362 1618 2540 1676; baseline -0.002 -12"><span class='ocrx_word' id='word_1_204' title='bbox 362 1621 481 1675; x_wconf 90' lang='grc' dir='ltr'>πρὸς</span> <span class='ocrx_word' id='word_1_205' title='bbox 532 1620 588 1664; x_wconf 89' lang='grc' dir='ltr'>ὃν</span> <span class='ocrx_word' id='word_1_206' title='bbox 638 1621 663 1663; x_wconf 92' lang='lat'>6</span> <span class='ocrx_word' id='word_1_207' title='bbox 696 1621 862 1676; x_wconf 87' lang='grc' dir='ltr'>λόγος,</span> <span class='ocrx_word' id='word_1_208' title='bbox 906 1622 982 1664; x_wconf 84' lang='grc' dir='ltr'>καὶ</span> <span class='ocrx_word' id='word_1_209' title='bbox 1020 1620 1183 1674; x_wconf 85' lang='grc' dir='ltr'>τρίτον</span> <span class='ocrx_word' id='word_1_210' title='bbox 1222 1620 1280 1662; x_wconf 90' lang='grc' dir='ltr'>τὸ</span> <span class='ocrx_word' id='word_1_211' title='bbox 1313 1618 1420 1673; x_wconf 86' lang='grc' dir='ltr'>περί</span> <span class='ocrx_word' id='word_1_212' title='bbox 1458 1632 1602 1663; x_wconf 90' lang='grc' dir='ltr'>τινος.</span> <span class='ocrx_word' id='word_1_213' title='bbox 1677 1620 1818 1675; x_wconf 90' lang='lat' dir='ltr'>atque</span> <span class='ocrx_word' id='word_1_214' title='bbox 1866 1618 2217 1664; x_wconf 87' lang='lat' dir='ltr'>Choeroboscus</span> <span class='ocrx_word' id='word_1_215' title='bbox 2260 1618 2440 1675; x_wconf 82' lang='lat' dir='ltr'>primae</span> <span class='ocrx_word' id='word_1_216' title='bbox 2492 1619 2540 1660; x_wconf 87' lang='lat' dir='ltr'>et</span> 
     </span>
     <span class='ocr_line' id='line_1_19' title="bbox 365 1680 2538 1747; baseline -0.002 -11"><span class='ocrx_word' id='word_1_217' title='bbox 365 1691 600 1736; x_wconf 90' lang='lat' dir='ltr'>secundae</span> <span class='ocrx_word' id='word_1_218' title='bbox 651 1704 880 1747; x_wconf 81' lang='lat' dir='ltr'>personae</span> <span class='ocrx_word' id='word_1_219' title='bbox 934 1691 1233 1735; x_wconf 86' lang='lat' dir='ltr'>definitiones</span> <span class='ocrx_word' id='word_1_220' title='bbox 1265 1689 1576 1745; x_wconf 82' lang='lat' dir='ltr'>Dionysianas</span> <span class='ocrx_word' id='word_1_221' title='bbox 1634 1690 1826 1734; x_wconf 87' lang='lat' dir='ltr'>defendi</span> <span class='ocrx_word' id='word_1_222' title='bbox 1875 1680 2010 1747; x_wconf 87' lang='lat' dir='ltr'>posse</span> <span class='ocrx_word' id='word_1_223' title='bbox 2061 1690 2196 1744; x_wconf 84' lang='lat' dir='ltr'>dicit,</span> <span class='ocrx_word' id='word_1_224' title='bbox 2238 1689 2408 1733; x_wconf 82' lang='lat' dir='ltr'>tertiae</span> <span class='ocrx_word' id='word_1_225' title='bbox 2459 1688 2538 1731; x_wconf 90' lang='lat' dir='ltr'>de-</span> 
     </span>
     <span class='ocr_line' id='line_1_20' title="bbox 365 1760 2538 1820; baseline -0.001 -15"><span class='ocrx_word' id='word_1_226' title='bbox 365 1761 667 1819; x_wconf 76' lang='lat' dir='ltr'>scriptionem</span> <span class='ocrx_word' id='word_1_227' title='bbox 698 1762 891 1806; x_wconf 90' lang='lat' dir='ltr'>minime</span> <span class='ocrx_word' id='word_1_228' title='bbox 915 1761 1142 1815; x_wconf 83' lang='lat' dir='ltr'>sufficere,</span> <span class='ocrx_word' id='word_1_229' title='bbox 1173 1774 1304 1805; x_wconf 85' lang='lat' dir='ltr'>nam:</span> <span class='ocrx_word' id='word_1_230' title='bbox 1337 1762 1546 1815; x_wconf 82' lang='grc' dir='ltr'>δύναται,</span> <span class='ocrx_word' id='word_1_231' title='bbox 1575 1762 1744 1817; x_wconf 86' lang='lat' dir='ltr'>inquit,</span> <span class='ocrx_word' id='word_1_232' title='bbox 1777 1764 1851 1806; x_wconf 84' lang='grc' dir='ltr'>καὶ</span> <span class='ocrx_word' id='word_1_233' title='bbox 1883 1764 1991 1817; x_wconf 85' lang='grc' dir='ltr'>περὶ</span> <span class='ocrx_word' id='word_1_234' title='bbox 2022 1763 2216 1818; x_wconf 85' lang='grc' dir='ltr'>πρώτου</span> <span class='ocrx_word' id='word_1_235' title='bbox 2249 1761 2431 1820; x_wconf 40' lang='grc' dir='ltr'>εῖναι-ὁ</span> <span class='ocrx_word' id='word_1_236' title='bbox 2462 1760 2538 1803; x_wconf 85' lang='grc' dir='ltr'>λό-</span> 
     </span>
     <span class='ocr_line' id='line_1_21' title="bbox 363 1831 2538 1889; baseline -0.001 -12"><span class='ocrx_word' id='word_1_237' title='bbox 363 1847 446 1887; x_wconf 88' lang='grc' dir='ltr'>γος</span> <span class='ocrx_word' id='word_1_238' title='bbox 479 1836 555 1877; x_wconf 81' lang='grc' dir='ltr'>καὶ</span> <span class='ocrx_word' id='word_1_239' title='bbox 596 1835 702 1888; x_wconf 85' lang='grc' dir='ltr'>περὶ</span> <span class='ocrx_word' id='word_1_240' title='bbox 733 1835 971 1888; x_wconf 83' lang='grc' dir='ltr'>δευτέρου.</span> <span class='ocrx_word' id='word_1_241' title='bbox 1033 1833 1153 1876; x_wconf 90' lang='lat' dir='ltr'>Item</span> <span class='ocrx_word' id='word_1_242' title='bbox 1183 1837 1352 1888; x_wconf 63' lang='lat'>2888„</span> <span class='ocrx_word' id='word_1_243' title='bbox 1393 1831 1577 1888; x_wconf 87' lang='lat' dir='ltr'>accepit</span> <span class='ocrx_word' id='word_1_244' title='bbox 1607 1833 1940 1888; x_wconf 89' lang='lat' dir='ltr'>supplementa</span> <span class='ocrx_word' id='word_1_245' title='bbox 1970 1833 2310 1889; x_wconf 87' lang='lat' dir='ltr'>Apolloniana:</span> <span class='ocrx_word' id='word_1_246' title='bbox 2343 1836 2538 1887; x_wconf 82' lang='grc' dir='ltr'>πρῶτον</span> 
     </span>
     <span class='ocr_line' id='line_1_22' title="bbox 362 1897 2538 1960; baseline -0.001 -12"><span class='ocrx_word' id='word_1_247' title='bbox 362 1906 420 1948; x_wconf 89' lang='grc' dir='ltr'>τὸ</span> <span class='ocrx_word' id='word_1_248' title='bbox 459 1906 579 1960; x_wconf 81' lang='grc' dir='ltr'>ὑπὲρ</span> <span class='ocrx_word' id='word_1_249' title='bbox 622 1906 792 1948; x_wconf 83' lang='grc' dir='ltr'>ἑαυτοῦ</span> <span class='ocrx_word' id='word_1_250' title='bbox 834 1905 1228 1959; x_wconf 85' lang='grc' dir='ltr'>ἀποφαινόμενον</span> <span class='ocrx_word' id='word_1_251' title='bbox 1259 1905 1288 1958; x_wconf 86' lang='grc' dir='ltr'>ἢ</span> <span class='ocrx_word' id='word_1_252' title='bbox 1323 1904 1469 1956; x_wconf 89' lang='grc' dir='ltr'>μόνου</span> <span class='ocrx_word' id='word_1_253' title='bbox 1508 1905 1537 1957; x_wconf 89' lang='grc' dir='ltr'>ἢ</span> <span class='ocrx_word' id='word_1_254' title='bbox 1579 1905 1655 1947; x_wconf 86' lang='grc' dir='ltr'>καὶ</span> <span class='ocrx_word' id='word_1_255' title='bbox 1695 1905 1776 1948; x_wconf 87' lang='grc' dir='ltr'>ςὺν</span> <span class='ocrx_word' id='word_1_256' title='bbox 1815 1904 1996 1959; x_wconf 87' lang='grc' dir='ltr'>ἄλλοις,</span> <span class='ocrx_word' id='word_1_257' title='bbox 2037 1904 2183 1957; x_wconf 91' lang='grc' dir='ltr'>λέγω</span> <span class='ocrx_word' id='word_1_258' title='bbox 2216 1897 2538 1958; x_wconf 82' lang='grc' dir='ltr'>λεγόμεθον</span> 
     </span>
     <span class='ocr_line' id='line_1_23' title="bbox 366 1975 2538 2030; baseline -0.001 -11"><span class='ocrx_word' id='word_1_259' title='bbox 366 1977 638 2030; x_wconf 82' lang='grc' dir='ltr'>λέγομεν’</span> <span class='ocrx_word' id='word_1_260' title='bbox 673 1976 897 2030; x_wconf 80' lang='grc' dir='ltr'>δεύτερόν</span> <span class='ocrx_word' id='word_1_261' title='bbox 930 1976 1025 2019; x_wconf 83' lang='grc' dir='ltr'>έςτι</span> <span class='ocrx_word' id='word_1_262' title='bbox 1059 1977 1176 2030; x_wconf 88' lang='grc' dir='ltr'>πρὸς</span> <span class='ocrx_word' id='word_1_263' title='bbox 1209 1975 1266 2018; x_wconf 86' lang='grc' dir='ltr'>ὃν</span> <span class='ocrx_word' id='word_1_264' title='bbox 1295 1975 1324 2028; x_wconf 84' lang='grc' dir='ltr'>ἡ</span> <span class='ocrx_word' id='word_1_265' title='bbox 1360 1975 1586 2018; x_wconf 83' lang='grc' dir='ltr'>ἀπόταςις</span> <span class='ocrx_word' id='word_1_266' title='bbox 1607 1975 1727 2029; x_wconf 81' lang='grc' dir='ltr'>ὑπὲρ</span> <span class='ocrx_word' id='word_1_267' title='bbox 1759 1976 1906 2018; x_wconf 79' lang='grc' dir='ltr'>αὐτοῦ</span> <span class='ocrx_word' id='word_1_268' title='bbox 1939 1976 1968 2029; x_wconf 90' lang='grc' dir='ltr'>ἢ</span> <span class='ocrx_word' id='word_1_269' title='bbox 2002 1975 2150 2028; x_wconf 93' lang='grc' dir='ltr'>μόνου</span> <span class='ocrx_word' id='word_1_270' title='bbox 2181 1976 2209 2028; x_wconf 84' lang='grc' dir='ltr'>ἢ</span> <span class='ocrx_word' id='word_1_271' title='bbox 2243 1976 2318 2018; x_wconf 84' lang='grc' dir='ltr'>καὶ</span> <span class='ocrx_word' id='word_1_272' title='bbox 2349 1975 2433 2018; x_wconf 89' lang='grc' dir='ltr'>ςὺν</span> <span class='ocrx_word' id='word_1_273' title='bbox 2462 1975 2538 2017; x_wconf 87' lang='grc' dir='ltr'>ἄλ·</span> 
     </span>
     <span class='ocr_line' id='line_1_24' title="bbox 365 2044 2538 2101; baseline -0.001 -11"><span class='ocrx_word' id='word_1_274' title='bbox 365 2049 478 2101; x_wconf 91' lang='grc' dir='ltr'>λοις,</span> <span class='ocrx_word' id='word_1_275' title='bbox 513 2047 616 2090; x_wconf 86' lang='grc' dir='ltr'>οἷον</span> <span class='ocrx_word' id='word_1_276' title='bbox 649 2049 843 2099; x_wconf 65' lang='grc' dir='ltr'>λέγειῒ</span> <span class='ocrx_word' id='word_1_277' title='bbox 875 2047 1153 2099; x_wconf 82' lang='grc' dir='ltr'>λέγεςθον</span> <span class='ocrx_word' id='word_1_278' title='bbox 1185 2047 1412 2098; x_wconf 89' lang='grc' dir='ltr'>λέγετε·</span> <span class='ocrx_word' id='word_1_279' title='bbox 1443 2045 1606 2100; x_wconf 86' lang='grc' dir='ltr'>τρίτον</span> <span class='ocrx_word' id='word_1_280' title='bbox 1629 2047 1751 2089; x_wconf 81' lang='grc' dir='ltr'>έςτίν</span> <span class='ocrx_word' id='word_1_281' title='bbox 1783 2046 1808 2089; x_wconf 90' lang='grc' dir='ltr'>ὃ</span> <span class='ocrx_word' id='word_1_282' title='bbox 1841 2048 1958 2100; x_wconf 85' lang='grc' dir='ltr'>μήτε</span> <span class='ocrx_word' id='word_1_283' title='bbox 1979 2046 2101 2100; x_wconf 79' lang='grc' dir='ltr'>ὑπὲρ</span> <span class='ocrx_word' id='word_1_284' title='bbox 2133 2046 2304 2090; x_wconf 83' lang='grc' dir='ltr'>ἑαυτοῦ</span> <span class='ocrx_word' id='word_1_285' title='bbox 2336 2044 2538 2099; x_wconf 83' lang='grc' dir='ltr'>ἀποφαί-</span> 
     </span>
     <span class='ocr_line' id='line_1_25' title="bbox 367 2114 2537 2172; baseline -0.001 -12"><span class='ocrx_word' id='word_1_286' title='bbox 367 2131 498 2161; x_wconf 89' lang='grc' dir='ltr'>νεται</span> <span class='ocrx_word' id='word_1_287' title='bbox 531 2119 649 2171; x_wconf 88' lang='grc' dir='ltr'>μήτε</span> <span class='ocrx_word' id='word_1_288' title='bbox 673 2119 790 2172; x_wconf 87' lang='grc' dir='ltr'>πρὸς</span> <span class='ocrx_word' id='word_1_289' title='bbox 822 2118 879 2161; x_wconf 91' lang='grc' dir='ltr'>ὃν</span> <span class='ocrx_word' id='word_1_290' title='bbox 911 2120 937 2162; x_wconf 91' lang='lat'>6</span> <span class='ocrx_word' id='word_1_291' title='bbox 960 2120 1101 2170; x_wconf 91' lang='grc' dir='ltr'>λόγος</span> <span class='ocrx_word' id='word_1_292' title='bbox 1134 2117 1257 2161; x_wconf 78' lang='grc' dir='ltr'>ἐςτίν</span> <span class='ocrx_word' id='word_1_293' title='bbox 1285 2117 1349 2171; x_wconf 91' lang='lat' dir='ltr'>(in</span> <span class='ocrx_word' id='word_1_294' title='bbox 1382 2116 1553 2171; x_wconf 88' lang='lat' dir='ltr'>quibus</span> <span class='ocrx_word' id='word_1_295' title='bbox 1584 2117 1727 2160; x_wconf 83' lang='lat' dir='ltr'>etiam</span> <span class='ocrx_word' id='word_1_296' title='bbox 1760 2129 1838 2171; x_wconf 87' lang='lat' dir='ltr'>ea,</span> <span class='ocrx_word' id='word_1_297' title='bbox 1871 2129 1992 2172; x_wconf 87' lang='lat' dir='ltr'>quae</span> <span class='ocrx_word' id='word_1_298' title='bbox 2024 2115 2276 2159; x_wconf 85' lang='lat' dir='ltr'>scholiasta</span> <span class='ocrx_word' id='word_1_299' title='bbox 2305 2114 2441 2159; x_wconf 87' lang='lat' dir='ltr'>addit</span> <span class='ocrx_word' id='word_1_300' title='bbox 2468 2127 2537 2158; x_wconf 84' lang='lat' dir='ltr'>re-</span> 
     </span>
     <span class='ocr_line' id='line_1_26' title="bbox 366 2185 2540 2250; baseline -0.002 -18"><span class='ocrx_word' id='word_1_301' title='bbox 366 2187 570 2244; x_wconf 87' lang='lat' dir='ltr'>spiciens</span> <span class='ocrx_word' id='word_1_302' title='bbox 593 2188 782 2232; x_wconf 80' lang='lat' dir='ltr'>dualem</span> <span class='ocrx_word' id='word_1_303' title='bbox 804 2187 1150 2244; x_wconf 84' lang='lat' dir='ltr'>pluralemque‚</span> <span class='ocrx_word' id='word_1_304' title='bbox 1177 2201 1243 2241; x_wconf 78' lang='lat' dir='ltr'>⁸ex</span> <span class='ocrx_word' id='word_1_305' title='bbox 1265 2186 1506 2243; x_wconf 87' lang='lat' dir='ltr'>Apollonii</span> <span class='ocrx_word' id='word_1_306' title='bbox 1538 2187 1753 2231; x_wconf 84' lang='lat' dir='ltr'>doctrina</span> <span class='ocrx_word' id='word_1_307' title='bbox 1783 2187 2007 2250; x_wconf 68' lang='lat' dir='ltr'>videntur</span> <span class='ocrx_word' id='word_1_308' title='bbox 2038 2186 2296 2230; x_wconf 84' lang='lat' dir='ltr'>derivanda</span> <span class='ocrx_word' id='word_1_309' title='bbox 2327 2198 2440 2240; x_wconf 87' lang='lat' dir='ltr'>esse,</span> <span class='ocrx_word' id='word_1_310' title='bbox 2472 2185 2540 2228; x_wconf 84' lang='lat' dir='ltr'>cfr</span> 
     </span>
     <span class='ocr_line' id='line_1_27' title="bbox 364 2256 2543 2316; baseline -0.001 -13"><span class='ocrx_word' id='word_1_311' title='bbox 364 2259 508 2305; x_wconf 80' lang='lat' dir='ltr'>Prisc.</span> <span class='ocrx_word' id='word_1_312' title='bbox 540 2259 585 2302; x_wconf 94' lang='lat' dir='ltr'>II</span> <span class='ocrx_word' id='word_1_313' title='bbox 616 2264 735 2315; x_wconf 63' lang='lat'>44812</span> <span class='ocrx_word' id='word_1_314' title='bbox 767 2261 816 2303; x_wconf 90' lang='lat' dir='ltr'>et</span> <span class='ocrx_word' id='word_1_315' title='bbox 846 2259 1000 2315; x_wconf 87' lang='lat' dir='ltr'><strong>Apoll.</strong></span> <span class='ocrx_word' id='word_1_316' title='bbox 1033 2259 1089 2302; x_wconf 91' lang='lat' dir='ltr'>de</span> <span class='ocrx_word' id='word_1_317' title='bbox 1121 2272 1252 2316; x_wconf 83' lang='lat' dir='ltr'>pron,</span> <span class='ocrx_word' id='word_1_318' title='bbox 1285 2263 1338 2301; x_wconf 90' lang='grc'>22</span> <span class='ocrx_word' id='word_1_319' title='bbox 1361 2257 1414 2313; x_wconf 74' lang='lat' dir='ltr'>C6</span> <span class='ocrx_word' id='word_1_320' title='bbox 1446 2257 1496 2301; x_wconf 91' lang='grc' dir='ltr'>Β.</span> <span class='ocrx_word' id='word_1_321' title='bbox 1535 2263 1604 2314; x_wconf 74' lang='grc'>199</span> <span class='ocrx_word' id='word_1_322' title='bbox 1636 2258 1805 2314; x_wconf 88' lang='lat' dir='ltr'>Schn.).</span> <span class='ocrx_word' id='word_1_323' title='bbox 1868 2271 1955 2302; x_wconf 90' lang='lat' dir='ltr'>nec</span> <span class='ocrx_word' id='word_1_324' title='bbox 1987 2257 2138 2301; x_wconf 89' lang='lat' dir='ltr'>minus</span> <span class='ocrx_word' id='word_1_325' title='bbox 2167 2257 2216 2300; x_wconf 90' lang='lat' dir='ltr'>in</span> <span class='ocrx_word' id='word_1_326' title='bbox 2249 2269 2284 2302; x_wconf 90' lang='grc' dir='ltr'>σ</span> <span class='ocrx_word' id='word_1_327' title='bbox 2314 2258 2363 2301; x_wconf 84' lang='lat' dir='ltr'>et</span> <span class='ocrx_word' id='word_1_328' title='bbox 2393 2260 2440 2302; x_wconf 87' lang='lat' dir='ltr'><strong><em>E</em></strong></span> <span class='ocrx_word' id='word_1_329' title='bbox 2469 2256 2543 2300; x_wconf 84' lang='lat' dir='ltr'>in-</span> 
     </span>
     <span class='ocr_line' id='line_1_28' title="bbox 365 2328 2539 2387; baseline 0 -14"><span class='ocrx_word' id='word_1_330' title='bbox 365 2330 622 2375; x_wconf 85' lang='lat' dir='ltr'>veniuntur</span> <span class='ocrx_word' id='word_1_331' title='bbox 656 2344 778 2386; x_wconf 84' lang='lat' dir='ltr'>quae</span> <span class='ocrx_word' id='word_1_332' title='bbox 813 2344 869 2374; x_wconf 88' lang='lat' dir='ltr'>ex</span> <span class='ocrx_word' id='word_1_333' title='bbox 901 2330 1092 2386; x_wconf 86' lang='lat' dir='ltr'>Dyscoli</span> <span class='ocrx_word' id='word_1_334' title='bbox 1123 2329 1411 2373; x_wconf 77' lang='lat' dir='ltr'>correctione</span> <span class='ocrx_word' id='word_1_335' title='bbox 1444 2329 1674 2387; x_wconf 85' lang='lat' dir='ltr'>originem</span> <span class='ocrx_word' id='word_1_336' title='bbox 1706 2329 1897 2374; x_wconf 87' lang='lat' dir='ltr'>ducunt.</span> <span class='ocrx_word' id='word_1_337' title='bbox 1960 2341 1996 2372; x_wconf 85' lang='grc' dir='ltr'>σ</span> <span class='ocrx_word' id='word_1_338' title='bbox 2025 2329 2134 2384; x_wconf 90' lang='lat' dir='ltr'>post</span> <span class='ocrx_word' id='word_1_339' title='bbox 2162 2328 2365 2385; x_wconf 89' lang='lat' dir='ltr'>primum</span> <span class='ocrx_word' id='word_1_340' title='bbox 2398 2330 2539 2382; x_wconf 91' lang='grc' dir='ltr'>λόγος</span> 
     </span>
     <span class='ocr_line' id='line_1_29' title="bbox 366 2398 2538 2457; baseline -0.002 -12"><span class='ocrx_word' id='word_1_341' title='bbox 366 2402 459 2445; x_wconf 90' lang='lat' dir='ltr'>add</span> <span class='ocrx_word' id='word_1_342' title='bbox 491 2402 595 2446; x_wconf 85' lang='grc' dir='ltr'>οἷον</span> <span class='ocrx_word' id='word_1_343' title='bbox 629 2402 721 2445; x_wconf 82' lang='grc' dir='ltr'>ἀπ’</span> <span class='ocrx_word' id='word_1_344' title='bbox 766 2403 880 2455; x_wconf 79' lang='grc' dir='ltr'>ἐμοῦ</span> <span class='ocrx_word' id='word_1_345' title='bbox 915 2403 940 2445; x_wconf 98' lang='lat'>6</span> <span class='ocrx_word' id='word_1_346' title='bbox 973 2403 1138 2456; x_wconf 88' lang='grc' dir='ltr'>λόγος,</span> <span class='ocrx_word' id='word_1_347' title='bbox 1186 2402 1294 2457; x_wconf 88' lang='lat' dir='ltr'>post</span> <span class='ocrx_word' id='word_1_348' title='bbox 1331 2401 1532 2444; x_wconf 87' lang='lat' dir='ltr'>alterum</span> <span class='ocrx_word' id='word_1_349' title='bbox 1563 2401 1668 2445; x_wconf 85' lang='grc' dir='ltr'>οἷον</span> <span class='ocrx_word' id='word_1_350' title='bbox 1707 2402 1828 2455; x_wconf 89' lang='grc' dir='ltr'>πρὸς</span> <span class='ocrx_word' id='word_1_351' title='bbox 1859 2400 1908 2444; x_wconf 81' lang='grc' dir='ltr'>ςέ</span> <span class='ocrx_word' id='word_1_352' title='bbox 1940 2402 1966 2444; x_wconf 92' lang='lat'>6</span> <span class='ocrx_word' id='word_1_353' title='bbox 1998 2401 2160 2453; x_wconf 91' lang='grc' dir='ltr'>λόγος,</span> <span class='ocrx_word' id='word_1_354' title='bbox 2199 2400 2307 2455; x_wconf 87' lang='lat' dir='ltr'>post</span> <span class='ocrx_word' id='word_1_355' title='bbox 2342 2398 2538 2443; x_wconf 87' lang='lat' dir='ltr'>tertium</span> 
     </span>
     <span class='ocr_line' id='line_1_30' title="bbox 366 2470 2537 2527; baseline -0.001 -10"><span class='ocrx_word' id='word_1_356' title='bbox 366 2473 469 2517; x_wconf 83' lang='grc' dir='ltr'>οἷον</span> <span class='ocrx_word' id='word_1_357' title='bbox 501 2473 609 2527; x_wconf 85' lang='grc' dir='ltr'>περί</span> <span class='ocrx_word' id='word_1_358' title='bbox 639 2486 767 2516; x_wconf 91' lang='grc' dir='ltr'>τινος</span> <span class='ocrx_word' id='word_1_359' title='bbox 799 2473 976 2516; x_wconf 85' lang='grc' dir='ltr'>ἄλλου</span> <span class='ocrx_word' id='word_1_360' title='bbox 1009 2474 1035 2516; x_wconf 89' lang='lat'>6</span> <span class='ocrx_word' id='word_1_361' title='bbox 1068 2474 1222 2526; x_wconf 91' lang='grc' dir='ltr'>λόγος.</span> <span class='ocrx_word' id='word_1_362' title='bbox 1285 2475 1332 2516; x_wconf 90' lang='grc' dir='ltr'><strong><em>Ε</em></strong></span> <span class='ocrx_word' id='word_1_363' title='bbox 1343 2479 1359 2506; x_wconf 71' lang='lat' dir='ltr'><strong>g</strong></span> <span class='ocrx_word' id='word_1_364' title='bbox 1391 2471 1642 2515; x_wconf 90' lang='lat' dir='ltr'>definiunt:</span> <span class='ocrx_word' id='word_1_365' title='bbox 1681 2473 1736 2515; x_wconf 88' lang='grc' dir='ltr'>τὸ</span> <span class='ocrx_word' id='word_1_366' title='bbox 1775 2472 1897 2526; x_wconf 80' lang='grc' dir='ltr'>ὑπὲρ</span> <span class='ocrx_word' id='word_1_367' title='bbox 1930 2472 2100 2514; x_wconf 82' lang='grc' dir='ltr'>ἑαυτοῦ</span> <span class='ocrx_word' id='word_1_368' title='bbox 2133 2470 2537 2525; x_wconf 88' lang='grc' dir='ltr'>ἀποφαινόμενον,</span> 
     </span>
     <span class='ocr_line' id='line_1_31' title="bbox 364 2539 2535 2598; baseline -0.001 -12"><span class='ocrx_word' id='word_1_369' title='bbox 364 2546 420 2587; x_wconf 89' lang='grc' dir='ltr'>τὸ</span> <span class='ocrx_word' id='word_1_370' title='bbox 453 2545 572 2598; x_wconf 79' lang='grc' dir='ltr'>ὑπὲρ</span> <span class='ocrx_word' id='word_1_371' title='bbox 605 2547 684 2587; x_wconf 73' lang='lat' dir='ltr'>cos)</span> <span class='ocrx_word' id='word_1_372' title='bbox 716 2543 880 2598; x_wconf 89' lang='grc' dir='ltr'>ἀποφ.,</span> <span class='ocrx_word' id='word_1_373' title='bbox 913 2544 969 2586; x_wconf 90' lang='grc' dir='ltr'>τὸ</span> <span class='ocrx_word' id='word_1_374' title='bbox 1002 2545 1119 2598; x_wconf 80' lang='grc' dir='ltr'>ὑπὲρ</span> <span class='ocrx_word' id='word_1_375' title='bbox 1151 2545 1330 2587; x_wconf 88' lang='grc' dir='ltr'>ἄλλου</span> <span class='ocrx_word' id='word_1_376' title='bbox 1353 2543 1501 2597; x_wconf 91' lang='grc' dir='ltr'>ἀποφ.</span> <span class='ocrx_word' id='word_1_377' title='bbox 1561 2542 1614 2585; x_wconf 90' lang='lat' dir='ltr'>In</span> <span class='ocrx_word' id='word_1_378' title='bbox 1645 2545 1719 2587; x_wconf 57' lang='lat' dir='ltr'>E*</span> <span class='ocrx_word' id='word_1_379' title='bbox 1750 2541 1955 2586; x_wconf 88' lang='lat' dir='ltr'>secunda</span> <span class='ocrx_word' id='word_1_380' title='bbox 1986 2542 2034 2585; x_wconf 90' lang='lat' dir='ltr'>et</span> <span class='ocrx_word' id='word_1_381' title='bbox 2061 2541 2205 2585; x_wconf 78' lang='lat' dir='ltr'>tertia</span> <span class='ocrx_word' id='word_1_382' title='bbox 2224 2554 2429 2596; x_wconf 85' lang='lat' dir='ltr'>persona</span> <span class='ocrx_word' id='word_1_383' title='bbox 2458 2539 2535 2584; x_wconf 89' lang='lat' dir='ltr'>iis-</span> 
     </span>
     <span class='ocr_line' id='line_1_32' title="bbox 367 2612 2538 2669; baseline -0.001 -11"><span class='ocrx_word' id='word_1_384' title='bbox 367 2615 475 2658; x_wconf 86' lang='lat' dir='ltr'>dem</span> <span class='ocrx_word' id='word_1_385' title='bbox 522 2614 678 2657; x_wconf 86' lang='lat' dir='ltr'>verbis</span> <span class='ocrx_word' id='word_1_386' title='bbox 725 2614 1053 2657; x_wconf 89' lang='lat' dir='ltr'>describuntur</span> <span class='ocrx_word' id='word_1_387' title='bbox 1099 2616 1226 2669; x_wconf 87' lang='lat' dir='ltr'>(nam</span> <span class='ocrx_word' id='word_1_388' title='bbox 1266 2614 1315 2656; x_wconf 88' lang='lat' dir='ltr'>in</span> <span class='ocrx_word' id='word_1_389' title='bbox 1356 2613 1562 2657; x_wconf 89' lang='lat' dir='ltr'>secunda</span> <span class='ocrx_word' id='word_1_390' title='bbox 1592 2612 1801 2655; x_wconf 86' lang='lat' dir='ltr'>finienda</span> <span class='ocrx_word' id='word_1_391' title='bbox 1838 2613 2230 2666; x_wconf 85' lang='grc' dir='ltr'>ἀπολογούμενον</span> <span class='ocrx_word' id='word_1_392' title='bbox 2262 2612 2460 2668; x_wconf 88' lang='lat' dir='ltr'>apparet</span> <span class='ocrx_word' id='word_1_393' title='bbox 2488 2612 2538 2655; x_wconf 88' lang='lat' dir='ltr'>in</span> 
     </span>
     <span class='ocr_line' id='line_1_33' title="bbox 365 2682 2538 2741; baseline -0.002 -11"><span class='ocrx_word' id='word_1_394' title='bbox 365 2686 757 2739; x_wconf 88' lang='grc' dir='ltr'>ἀποφαινόμενον</span> <span class='ocrx_word' id='word_1_395' title='bbox 776 2684 1103 2741; x_wconf 82' lang='lat' dir='ltr'>corrigendum</span> <span class='ocrx_word' id='word_1_396' title='bbox 1124 2688 1258 2741; x_wconf 86' lang='lat' dir='ltr'>esse),</span> <span class='ocrx_word' id='word_1_397' title='bbox 1291 2684 1445 2740; x_wconf 88' lang='lat' dir='ltr'>prima</span> <span class='ocrx_word' id='word_1_398' title='bbox 1473 2697 1585 2728; x_wconf 88' lang='lat' dir='ltr'>vero</span> <span class='ocrx_word' id='word_1_399' title='bbox 1615 2684 1707 2727; x_wconf 82' lang='lat' dir='ltr'>ita=</span> <span class='ocrx_word' id='word_1_400' title='bbox 1740 2685 1796 2727; x_wconf 89' lang='grc' dir='ltr'>τὸ</span> <span class='ocrx_word' id='word_1_401' title='bbox 1827 2685 1900 2727; x_wconf 75' lang='grc' dir='ltr'>διὰ</span> <span class='ocrx_word' id='word_1_402' title='bbox 1930 2687 2031 2726; x_wconf 84' lang='grc' dir='ltr'>τῶν</span> <span class='ocrx_word' id='word_1_403' title='bbox 2062 2683 2251 2727; x_wconf 84' lang='grc' dir='ltr'>οἰκείων</span> <span class='ocrx_word' id='word_1_404' title='bbox 2284 2682 2538 2738; x_wconf 79' lang='grc' dir='ltr'>ἐνεργημά-</span> 
     </span>
     <span class='ocr_line' id='line_1_34' title="bbox 364 2753 2538 2811; baseline -0.001 -11"><span class='ocrx_word' id='word_1_405' title='bbox 364 2771 466 2800; x_wconf 90' lang='grc' dir='ltr'>των</span> <span class='ocrx_word' id='word_1_406' title='bbox 506 2758 580 2799; x_wconf 89' lang='grc' dir='ltr'>καὶ</span> <span class='ocrx_word' id='word_1_407' title='bbox 624 2755 893 2808; x_wconf 78' lang='grc' dir='ltr'>ἰδιωμάτων</span> <span class='ocrx_word' id='word_1_408' title='bbox 932 2757 1015 2799; x_wconf 89' lang='grc' dir='ltr'>τὰς</span> <span class='ocrx_word' id='word_1_409' title='bbox 1055 2757 1278 2811; x_wconf 85' lang='grc' dir='ltr'>έμφὰςεις</span> <span class='ocrx_word' id='word_1_410' title='bbox 1319 2757 1431 2809; x_wconf 83' lang='grc' dir='ltr'>ἡμῖν</span> <span class='ocrx_word' id='word_1_411' title='bbox 1471 2756 1695 2810; x_wconf 88' lang='grc' dir='ltr'>παρέχον.</span> <span class='ocrx_word' id='word_1_412' title='bbox 1755 2754 1809 2797; x_wconf 89' lang='lat' dir='ltr'>In</span> <span class='ocrx_word' id='word_1_413' title='bbox 1842 2755 1917 2798; x_wconf 73' lang='lat' dir='ltr'>Eb</span> <span class='ocrx_word' id='word_1_414' title='bbox 1950 2755 1998 2797; x_wconf 91' lang='lat' dir='ltr'>et</span> <span class='ocrx_word' id='word_1_415' title='bbox 2028 2757 2096 2798; x_wconf 80' lang='lat' dir='ltr'>Et</span> <span class='ocrx_word' id='word_1_416' title='bbox 2127 2753 2282 2810; x_wconf 89' lang='lat' dir='ltr'>prima</span> <span class='ocrx_word' id='word_1_417' title='bbox 2320 2755 2394 2798; x_wconf 81' lang='lat' dir='ltr'>est</span> <span class='ocrx_word' id='word_1_418' title='bbox 2421 2755 2538 2800; x_wconf 86' lang='grc' dir='ltr'>λέξις</span> 
     </span>
     <span class='ocr_line' id='line_1_35' title="bbox 366 2820 2538 2883; baseline -0.001 -12"><span class='ocrx_word' id='word_1_419' title='bbox 366 2830 427 2883; x_wconf 85' lang='grc' dir='ltr'>ἣν</span> <span class='ocrx_word' id='word_1_420' title='bbox 460 2829 583 2880; x_wconf 85' lang='grc' dir='ltr'>λέγει</span> <span class='ocrx_word' id='word_1_421' title='bbox 614 2840 687 2870; x_wconf 88' lang='grc' dir='ltr'>τις</span> <span class='ocrx_word' id='word_1_422' title='bbox 719 2828 824 2881; x_wconf 84' lang='grc' dir='ltr'>περὶ</span> <span class='ocrx_word' id='word_1_423' title='bbox 858 2828 1045 2882; x_wconf 84' lang='grc' dir='ltr'>ἑαυτοῦ,</span> <span class='ocrx_word' id='word_1_424' title='bbox 1078 2827 1230 2870; x_wconf 89' lang='lat' dir='ltr'>altera</span> <span class='ocrx_word' id='word_1_425' title='bbox 1261 2820 1383 2870; x_wconf 70' lang='grc' dir='ltr'>λέξιὲ</span> <span class='ocrx_word' id='word_1_426' title='bbox 1414 2827 1474 2880; x_wconf 83' lang='grc' dir='ltr'>ἣν</span> <span class='ocrx_word' id='word_1_427' title='bbox 1507 2827 1637 2879; x_wconf 87' lang='grc' dir='ltr'>λέγει</span> <span class='ocrx_word' id='word_1_428' title='bbox 1667 2840 1738 2870; x_wconf 89' lang='grc' dir='ltr'>τις</span> <span class='ocrx_word' id='word_1_429' title='bbox 1769 2824 1875 2880; x_wconf 82' lang='grc' dir='ltr'>περὶ</span> <span class='ocrx_word' id='word_1_430' title='bbox 1907 2829 1993 2868; x_wconf 82' lang='grc' dir='ltr'>τοῦ</span> <span class='ocrx_word' id='word_1_431' title='bbox 2027 2825 2145 2880; x_wconf 88' lang='grc' dir='ltr'>πρὸς</span> <span class='ocrx_word' id='word_1_432' title='bbox 2176 2825 2232 2868; x_wconf 86' lang='grc' dir='ltr'>ὃν</span> <span class='ocrx_word' id='word_1_433' title='bbox 2263 2826 2538 2883; x_wconf 79' lang='grc' dir='ltr'>διαλέγεται,</span> 
     </span>
     <span class='ocr_line' id='line_1_36' title="bbox 365 2895 2536 2953; baseline -0.001 -11"><span class='ocrx_word' id='word_1_434' title='bbox 365 2898 508 2943; x_wconf 88' lang='lat' dir='ltr'>tertia</span> <span class='ocrx_word' id='word_1_435' title='bbox 539 2899 658 2942; x_wconf 86' lang='grc' dir='ltr'>λέξις</span> <span class='ocrx_word' id='word_1_436' title='bbox 690 2898 751 2950; x_wconf 85' lang='grc' dir='ltr'>ἣν</span> <span class='ocrx_word' id='word_1_437' title='bbox 785 2899 907 2951; x_wconf 88' lang='grc' dir='ltr'>λέγει</span> <span class='ocrx_word' id='word_1_438' title='bbox 927 2912 998 2942; x_wconf 85' lang='grc' dir='ltr'>τις</span> <span class='ocrx_word' id='word_1_439' title='bbox 1021 2900 1129 2953; x_wconf 83' lang='grc' dir='ltr'>περὶ</span> <span class='ocrx_word' id='word_1_440' title='bbox 1161 2899 1324 2952; x_wconf 89' lang='grc' dir='ltr'>ἑτέρου</span> <span class='ocrx_word' id='word_1_441' title='bbox 1357 2898 1565 2941; x_wconf 89' lang='grc' dir='ltr'>ἀπόντος</span> <span class='ocrx_word' id='word_1_442' title='bbox 1598 2895 1830 2952; x_wconf 87' lang='lat' dir='ltr'>(similiter</span> <span class='ocrx_word' id='word_1_443' title='bbox 1861 2895 1990 2940; x_wconf 86' lang='lat' dir='ltr'>Gaza</span> <span class='ocrx_word' id='word_1_444' title='bbox 2009 2895 2075 2939; x_wconf 94' lang='lat' dir='ltr'>IV</span> <span class='ocrx_word' id='word_1_445' title='bbox 2095 2911 2126 2952; x_wconf 93' lang='lat' dir='ltr'>p</span> <span class='ocrx_word' id='word_1_446' title='bbox 2150 2900 2226 2938; x_wconf 87' lang='grc'>142</span> <span class='ocrx_word' id='word_1_447' title='bbox 2258 2900 2464 2951; x_wconf 85' lang='grc' dir='ltr'>πρῶτον,</span> <span class='ocrx_word' id='word_1_448' title='bbox 2497 2898 2536 2952; x_wconf 86' lang='grc' dir='ltr'>ᾧ</span> 
     </span>
    </p>
   </div>
   <div class='ocr_carea' id='block_1_6' title="bbox 286 2965 2536 3024">
    <p class='ocr_par' dir='ltr' id='par_1_6' title="bbox 286 2965 2536 3024">
     <span class='ocr_line' id='line_1_37' title="bbox 286 2965 2536 3024; baseline -0.001 -10"><span class='ocrx_word' id='word_1_449' title='bbox 286 2991 289 2993; x_wconf 92' lang='grc'>·</span> <span class='ocrx_word' id='word_1_450' title='bbox 367 2972 476 3024; x_wconf 84' lang='grc' dir='ltr'>περὶ</span> <span class='ocrx_word' id='word_1_451' title='bbox 509 2971 679 3012; x_wconf 80' lang='grc' dir='ltr'>ἑαυτοῦ</span> <span class='ocrx_word' id='word_1_452' title='bbox 713 2968 876 3023; x_wconf 80' lang='grc' dir='ltr'>φράζει</span> <span class='ocrx_word' id='word_1_453' title='bbox 909 2970 934 3012; x_wconf 95' lang='lat'>6</span> <span class='ocrx_word' id='word_1_454' title='bbox 968 2970 1144 3023; x_wconf 92' lang='grc' dir='ltr'>λέγων·</span> <span class='ocrx_word' id='word_1_455' title='bbox 1179 2970 1427 3023; x_wconf 83' lang='grc' dir='ltr'>δεύτερον,</span> <span class='ocrx_word' id='word_1_456' title='bbox 1471 2969 1509 3024; x_wconf 85' lang='grc' dir='ltr'>ᾧ</span> <span class='ocrx_word' id='word_1_457' title='bbox 1543 2969 1648 3022; x_wconf 86' lang='grc' dir='ltr'>περὶ</span> <span class='ocrx_word' id='word_1_458' title='bbox 1680 2971 1766 3011; x_wconf 84' lang='grc' dir='ltr'>τοῦ</span> <span class='ocrx_word' id='word_1_459' title='bbox 1800 2965 1921 3022; x_wconf 78' lang='grc' dir='ltr'>π’ρὸς</span> <span class='ocrx_word' id='word_1_460' title='bbox 1952 2967 2008 3010; x_wconf 89' lang='grc' dir='ltr'>ὃν</span> <span class='ocrx_word' id='word_1_461' title='bbox 2039 2968 2064 3010; x_wconf 92' lang='lat'>6</span> <span class='ocrx_word' id='word_1_462' title='bbox 2097 2968 2255 3020; x_wconf 87' lang='grc' dir='ltr'>λόγος·</span> <span class='ocrx_word' id='word_1_463' title='bbox 2286 2967 2463 3022; x_wconf 81' lang='grc' dir='ltr'>τρίτον,</span> <span class='ocrx_word' id='word_1_464' title='bbox 2497 2968 2536 3024; x_wconf 85' lang='grc' dir='ltr'>ᾧ</span> 
     </span>
    </p>
   </div>
   <div class='ocr_carea' id='block_1_7' title="bbox 322 3036 2539 4153">
    <p class='ocr_par' dir='ltr' id='par_1_7' title="bbox 322 3036 2539 4153">
     <span class='ocr_line' id='line_1_38' title="bbox 368 3036 2538 3096; baseline -0.001 -11"><span class='ocrx_word' id='word_1_465' title='bbox 368 3043 474 3096; x_wconf 86' lang='grc' dir='ltr'>περὶ</span> <span class='ocrx_word' id='word_1_466' title='bbox 516 3039 711 3096; x_wconf 84' lang='grc' dir='ltr'>ἑτέρου).</span> <span class='ocrx_word' id='word_1_467' title='bbox 760 3065 812 3070; x_wconf 86' lang='grc'>-</span> <span class='ocrx_word' id='word_1_468' title='bbox 859 3039 1131 3084; x_wconf 88' lang='lat' dir='ltr'>Latinorum</span> <span class='ocrx_word' id='word_1_469' title='bbox 1172 3038 1587 3096; x_wconf 82' lang='lat' dir='ltr'>grammaticorum</span> <span class='ocrx_word' id='word_1_470' title='bbox 1630 3037 1845 3094; x_wconf 86' lang='lat' dir='ltr'>plerique</span> <span class='ocrx_word' id='word_1_471' title='bbox 1892 3036 2189 3082; x_wconf 88' lang='lat' dir='ltr'>definitiones</span> <span class='ocrx_word' id='word_1_472' title='bbox 2227 3036 2538 3094; x_wconf 77' lang='lat' dir='ltr'>Dionysianas</span> 
     </span>
     <span class='ocr_line' id='line_1_39' title="bbox 367 3108 2539 3167; baseline -0.001 -13"><span class='ocrx_word' id='word_1_473' title='bbox 367 3126 508 3167; x_wconf 87' lang='lat' dir='ltr'>puras</span> <span class='ocrx_word' id='word_1_474' title='bbox 542 3110 784 3155; x_wconf 84' lang='lat' dir='ltr'>exhibent:</span> <span class='ocrx_word' id='word_1_475' title='bbox 817 3111 967 3155; x_wconf 89' lang='lat' dir='ltr'>Varro</span> <span class='ocrx_word' id='word_1_476' title='bbox 1000 3111 1057 3155; x_wconf 90' lang='lat' dir='ltr'>de</span> <span class='ocrx_word' id='word_1_477' title='bbox 1089 3111 1120 3154; x_wconf 92' lang='grc'>1.</span> <span class='ocrx_word' id='word_1_478' title='bbox 1153 3111 1235 3155; x_wconf 83' lang='lat' dir='ltr'>lat.</span> <span class='ocrx_word' id='word_1_479' title='bbox 1268 3110 1381 3154; x_wconf 94' lang='lat' dir='ltr'><strong>VIII</strong></span> <span class='ocrx_word' id='word_1_480' title='bbox 1412 3113 1436 3162; x_wconf 67' lang='grc' dir='ltr'>ξ</span> <span class='ocrx_word' id='word_1_481' title='bbox 1457 3114 1511 3153; x_wconf 87' lang='grc'>20</span> <span class='ocrx_word' id='word_1_482' title='bbox 1532 3121 1666 3164; x_wconf 74' lang='lat' dir='ltr'>quom</span> <span class='ocrx_word' id='word_1_483' title='bbox 1696 3109 1804 3153; x_wconf 85' lang='lat' dir='ltr'>item</span> <span class='ocrx_word' id='word_1_484' title='bbox 1826 3121 2133 3164; x_wconf 79' lang='lat' dir='ltr'>personarum</span> <span class='ocrx_word' id='word_1_485' title='bbox 2162 3112 2338 3153; x_wconf 79' lang='lat' dir='ltr'>natura</span> <span class='ocrx_word' id='word_1_486' title='bbox 2367 3108 2539 3164; x_wconf 75' lang='lat' dir='ltr'>triplex</span> 
     </span>
     <span class='ocr_line' id='line_1_40' title="bbox 369 3177 2539 3239; baseline -0.002 -13"><span class='ocrx_word' id='word_1_487' title='bbox 369 3188 501 3237; x_wconf 81' lang='lat' dir='ltr'>esset,</span> <span class='ocrx_word' id='word_1_488' title='bbox 541 3184 621 3239; x_wconf 76' lang='lat' dir='ltr'>qni</span> <span class='ocrx_word' id='word_1_489' title='bbox 659 3184 940 3238; x_wconf 73' lang='lat' dir='ltr'>loqueretur,</span> <span class='ocrx_word' id='word_1_490' title='bbox 982 3183 1045 3226; x_wconf 82' lang='lat' dir='ltr'>ad</span> <span class='ocrx_word' id='word_1_491' title='bbox 1077 3196 1229 3238; x_wconf 73' lang='lat' dir='ltr'>quem,</span> <span class='ocrx_word' id='word_1_492' title='bbox 1272 3182 1327 3225; x_wconf 81' lang='lat' dir='ltr'>de</span> <span class='ocrx_word' id='word_1_493' title='bbox 1357 3193 1467 3237; x_wconf 75' lang='lat' dir='ltr'>quo:</span> <span class='ocrx_word' id='word_1_494' title='bbox 1512 3181 1621 3224; x_wconf 82' lang='lat' dir='ltr'>haec</span> <span class='ocrx_word' id='word_1_495' title='bbox 1650 3180 1707 3223; x_wconf 85' lang='lat' dir='ltr'>ab</span> <span class='ocrx_word' id='word_1_496' title='bbox 1739 3180 1890 3224; x_wconf 81' lang='lat' dir='ltr'>eodem</span> <span class='ocrx_word' id='word_1_497' title='bbox 1918 3181 2050 3224; x_wconf 81' lang='lat' dir='ltr'>verbo</span> <span class='ocrx_word' id='word_1_498' title='bbox 2081 3179 2314 3225; x_wconf 82' lang='lat' dir='ltr'>declinata</span> <span class='ocrx_word' id='word_1_499' title='bbox 2345 3177 2444 3230; x_wconf 88' lang='lat' dir='ltr'>(ubi</span> <span class='ocrx_word' id='word_1_500' title='bbox 2474 3178 2539 3222; x_wconf 78' lang='lat' dir='ltr'>ad</span> 
     </span>
     <span class='ocr_line' id='line_1_41' title="bbox 369 3248 2535 3309; baseline -0.002 -12"><span class='ocrx_word' id='word_1_501' title='bbox 369 3267 497 3308; x_wconf 73' lang='lat' dir='ltr'>quem</span> <span class='ocrx_word' id='word_1_502' title='bbox 517 3254 648 3301; x_wconf 83' lang='lat' dir='ltr'>codd,</span> <span class='ocrx_word' id='word_1_503' title='bbox 668 3267 758 3308; x_wconf 84' lang='lat' dir='ltr'>om,</span> <span class='ocrx_word' id='word_1_504' title='bbox 790 3254 898 3309; x_wconf 89' lang='lat' dir='ltr'>post</span> <span class='ocrx_word' id='word_1_505' title='bbox 929 3253 983 3296; x_wconf 82' lang='lat' dir='ltr'>de</span> <span class='ocrx_word' id='word_1_506' title='bbox 1014 3266 1101 3308; x_wconf 78' lang='lat' dir='ltr'>qno</span> <span class='ocrx_word' id='word_1_507' title='bbox 1133 3253 1226 3297; x_wconf 86' lang='lat' dir='ltr'>add</span> <span class='ocrx_word' id='word_1_508' title='bbox 1256 3251 1402 3309; x_wconf 87' lang='lat' dir='ltr'>vulg„</span> <span class='ocrx_word' id='word_1_509' title='bbox 1433 3252 1556 3295; x_wconf 84' lang='lat' dir='ltr'>iusto</span> <span class='ocrx_word' id='word_1_510' title='bbox 1587 3250 1691 3293; x_wconf 91' lang='lat' dir='ltr'>loco</span> <span class='ocrx_word' id='word_1_511' title='bbox 1722 3250 1919 3294; x_wconf 87' lang='lat' dir='ltr'>inseruit</span> <span class='ocrx_word' id='word_1_512' title='bbox 1952 3250 2233 3304; x_wconf 90' lang='lat' dir='ltr'>OMueller);</span> <span class='ocrx_word' id='word_1_513' title='bbox 2267 3248 2480 3294; x_wconf 88' lang='lat' dir='ltr'>Diomed.</span> <span class='ocrx_word' id='word_1_514' title='bbox 2515 3248 2535 3292; x_wconf 96' lang='lat' dir='ltr'><strong>I</strong></span> 
     </span>
     <span class='ocr_line' id='line_1_42' title="bbox 369 3319 2538 3380; baseline -0.001 -14"><span class='ocrx_word' id='word_1_515' title='bbox 369 3329 483 3378; x_wconf 77' lang='lat'>3342.</span> <span class='ocrx_word' id='word_1_516' title='bbox 515 3325 672 3378; x_wconf 84' lang='lat' dir='ltr'>prima</span> <span class='ocrx_word' id='word_1_517' title='bbox 705 3330 767 3368; x_wconf 83' lang='lat' dir='ltr'>est</span> <span class='ocrx_word' id='word_1_518' title='bbox 790 3338 906 3380; x_wconf 76' lang='lat' dir='ltr'>quae</span> <span class='ocrx_word' id='word_1_519' title='bbox 935 3324 1154 3380; x_wconf 77' lang='lat' dir='ltr'>loquitur,</span> <span class='ocrx_word' id='word_1_520' title='bbox 1186 3323 1389 3367; x_wconf 81' lang='lat' dir='ltr'>secwnda</span> <span class='ocrx_word' id='word_1_521' title='bbox 1421 3335 1617 3378; x_wconf 76' lang='lat' dir='ltr'>quacum</span> <span class='ocrx_word' id='word_1_522' title='bbox 1646 3333 1789 3364; x_wconf 82' lang='lat' dir='ltr'>sermo</span> <span class='ocrx_word' id='word_1_523' title='bbox 1818 3321 2024 3373; x_wconf 78' lang='lat' dir='ltr'>habetur,</span> <span class='ocrx_word' id='word_1_524' title='bbox 2056 3320 2195 3364; x_wconf 85' lang='lat' dir='ltr'>tertia</span> <span class='ocrx_word' id='word_1_525' title='bbox 2226 3319 2282 3364; x_wconf 85' lang='lat' dir='ltr'>de</span> <span class='ocrx_word' id='word_1_526' title='bbox 2311 3333 2404 3376; x_wconf 80' lang='lat' dir='ltr'>qua</span> <span class='ocrx_word' id='word_1_527' title='bbox 2435 3319 2538 3376; x_wconf 78' lang='lat' dir='ltr'>quis</span> 
     </span>
     <span class='ocr_line' id='line_1_43' title="bbox 369 3390 2538 3451; baseline -0.001 -14"><span class='ocrx_word' id='word_1_528' title='bbox 369 3395 595 3450; x_wconf 73' lang='lat' dir='ltr'>loquitur;</span> <span class='ocrx_word' id='word_1_529' title='bbox 632 3394 804 3441; x_wconf 84' lang='lat' dir='ltr'>Charis.</span> <span class='ocrx_word' id='word_1_530' title='bbox 839 3395 859 3437; x_wconf 92' lang='grc' dir='ltr'>Ι</span> <span class='ocrx_word' id='word_1_531' title='bbox 893 3400 1010 3450; x_wconf 68' lang='grc'><strong>168,4</strong></span> <span class='ocrx_word' id='word_1_532' title='bbox 1041 3395 1201 3451; x_wconf 82' lang='lat' dir='ltr'>prima</span> <span class='ocrx_word' id='word_1_533' title='bbox 1237 3398 1300 3438; x_wconf 83' lang='lat' dir='ltr'>est</span> <span class='ocrx_word' id='word_1_534' title='bbox 1331 3407 1446 3450; x_wconf 71' lang='lat' dir='ltr'>qnae</span> <span class='ocrx_word' id='word_1_535' title='bbox 1477 3392 1706 3448; x_wconf 75' lang='lat' dir='ltr'>loquitur,</span> <span class='ocrx_word' id='word_1_536' title='bbox 1736 3391 1790 3435; x_wconf 81' lang='lat' dir='ltr'>id</span> <span class='ocrx_word' id='word_1_537' title='bbox 1821 3395 1884 3435; x_wconf 84' lang='lat' dir='ltr'>est</span> <span class='ocrx_word' id='word_1_538' title='bbox 1913 3405 1943 3434; x_wconf 84' lang='lat' dir='ltr'>a</span> <span class='ocrx_word' id='word_1_539' title='bbox 1974 3404 2066 3447; x_wconf 76' lang='lat' dir='ltr'>qna</span> <span class='ocrx_word' id='word_1_540' title='bbox 2097 3390 2294 3445; x_wconf 78' lang='lat' dir='ltr'>dicitur3</span> <span class='ocrx_word' id='word_1_541' title='bbox 2333 3390 2538 3434; x_wconf 76' lang='lat' dir='ltr'>secunda</span> 
     </span>
     <span class='ocr_line' id='line_1_44' title="bbox 370 3460 2537 3521; baseline -0.003 -12"><span class='ocrx_word' id='word_1_542' title='bbox 370 3470 432 3509; x_wconf 82' lang='lat' dir='ltr'>est</span> <span class='ocrx_word' id='word_1_543' title='bbox 463 3466 526 3508; x_wconf 82' lang='lat' dir='ltr'>ad</span> <span class='ocrx_word' id='word_1_544' title='bbox 559 3479 696 3521; x_wconf 76' lang='lat' dir='ltr'>qnam</span> <span class='ocrx_word' id='word_1_545' title='bbox 728 3477 973 3520; x_wconf 73' lang='lat' dir='ltr'>personam</span> <span class='ocrx_word' id='word_1_546' title='bbox 1005 3466 1200 3517; x_wconf 60' lang='lat' dir='ltr'>elicitum</span> <span class='ocrx_word' id='word_1_547' title='bbox 1239 3465 1378 3509; x_wconf 81' lang='lat' dir='ltr'>tertia</span> <span class='ocrx_word' id='word_1_548' title='bbox 1419 3467 1479 3508; x_wconf 83' lang='lat' dir='ltr'>est</span> <span class='ocrx_word' id='word_1_549' title='bbox 1519 3463 1575 3507; x_wconf 82' lang='lat' dir='ltr'>de</span> <span class='ocrx_word' id='word_1_550' title='bbox 1615 3475 1708 3518; x_wconf 76' lang='lat' dir='ltr'>qua</span> <span class='ocrx_word' id='word_1_551' title='bbox 1738 3462 1915 3506; x_wconf 77' lang='lat' dir='ltr'>dicitur</span> <span class='ocrx_word' id='word_1_552' title='bbox 1947 3464 2072 3516; x_wconf 85' lang='lat' dir='ltr'>(nam</span> <span class='ocrx_word' id='word_1_553' title='bbox 2105 3461 2168 3504; x_wconf 90' lang='lat' dir='ltr'>sic</span> <span class='ocrx_word' id='word_1_554' title='bbox 2200 3460 2537 3518; x_wconf 84' lang='lat' dir='ltr'>scribendum);</span> 
     </span>
     <span class='ocr_line' id='line_1_45' title="bbox 368 3531 2533 3592; baseline -0.002 -13"><span class='ocrx_word' id='word_1_555' title='bbox 368 3536 581 3582; x_wconf 85' lang='lat' dir='ltr'>Echob.</span> <span class='ocrx_word' id='word_1_556' title='bbox 603 3535 624 3577; x_wconf 96' lang='lat' dir='ltr'><strong>I</strong></span> <span class='ocrx_word' id='word_1_557' title='bbox 655 3540 756 3590; x_wconf 79' lang='lat'>5632</span> <span class='ocrx_word' id='word_1_558' title='bbox 785 3536 937 3591; x_wconf 82' lang='lat' dir='ltr'>prima</span> <span class='ocrx_word' id='word_1_559' title='bbox 969 3549 1025 3580; x_wconf 63' lang='grc' dir='ltr'>σου</span> <span class='ocrx_word' id='word_1_560' title='bbox 1056 3550 1148 3592; x_wconf 77' lang='lat' dir='ltr'>qua</span> <span class='ocrx_word' id='word_1_561' title='bbox 1168 3549 1312 3580; x_wconf 83' lang='lat' dir='ltr'>sermo</span> <span class='ocrx_word' id='word_1_562' title='bbox 1343 3539 1419 3589; x_wconf 80' lang='lat' dir='ltr'>est,</span> <span class='ocrx_word' id='word_1_563' title='bbox 1452 3533 1655 3577; x_wconf 79' lang='lat' dir='ltr'>secunda</span> <span class='ocrx_word' id='word_1_564' title='bbox 1685 3533 1749 3577; x_wconf 81' lang='lat' dir='ltr'>ad</span> <span class='ocrx_word' id='word_1_565' title='bbox 1779 3546 1915 3588; x_wconf 75' lang='lat' dir='ltr'>quam</span> <span class='ocrx_word' id='word_1_566' title='bbox 1943 3546 1981 3577; x_wconf 82' lang='lat' dir='ltr'>s.</span> <span class='ocrx_word' id='word_1_567' title='bbox 2013 3535 2088 3586; x_wconf 86' lang='lat' dir='ltr'>est,</span> <span class='ocrx_word' id='word_1_568' title='bbox 2121 3531 2263 3576; x_wconf 81' lang='lat' dir='ltr'>tertia</span> <span class='ocrx_word' id='word_1_569' title='bbox 2293 3532 2350 3576; x_wconf 81' lang='lat' dir='ltr'>de</span> <span class='ocrx_word' id='word_1_570' title='bbox 2378 3544 2472 3588; x_wconf 78' lang='lat' dir='ltr'>qua</span> <span class='ocrx_word' id='word_1_571' title='bbox 2499 3543 2533 3575; x_wconf 87' lang='lat' dir='ltr'>s.</span> 
     </span>
     <span class='ocr_line' id='line_1_46' title="bbox 322 3602 2538 3661; baseline -0.002 -10"><span class='ocrx_word' id='word_1_572' title='bbox 322 3606 327 3611; x_wconf 88' lang='grc'><strong>’</strong></span> <span class='ocrx_word' id='word_1_573' title='bbox 369 3612 454 3658; x_wconf 80' lang='lat' dir='ltr'>est3</span> <span class='ocrx_word' id='word_1_574' title='bbox 487 3606 658 3654; x_wconf 79' lang='lat' dir='ltr'>Donat.</span> <span class='ocrx_word' id='word_1_575' title='bbox 690 3606 752 3648; x_wconf 95' lang='lat' dir='ltr'>IV</span> <span class='ocrx_word' id='word_1_576' title='bbox 775 3611 895 3661; x_wconf 80' lang='grc'>38417</span> <span class='ocrx_word' id='word_1_577' title='bbox 925 3628 979 3643; x_wconf 91' lang='lat'><strong><em>=</em></strong></span> <span class='ocrx_word' id='word_1_578' title='bbox 1011 3606 1227 3651; x_wconf 86' lang='lat' dir='ltr'>Consent.</span> <span class='ocrx_word' id='word_1_579' title='bbox 1259 3605 1302 3650; x_wconf 91' lang='lat' dir='ltr'>V</span> <span class='ocrx_word' id='word_1_580' title='bbox 1334 3610 1455 3661; x_wconf 74' lang='lat'><strong>37930</strong></span> <span class='ocrx_word' id='word_1_581' title='bbox 1485 3618 1601 3660; x_wconf 75' lang='lat' dir='ltr'>quae</span> <span class='ocrx_word' id='word_1_582' title='bbox 1631 3604 1746 3648; x_wconf 82' lang='lat' dir='ltr'>dicit</span> <span class='ocrx_word' id='word_1_583' title='bbox 1778 3629 1828 3635; x_wconf 95' lang='lat'>-—</span> <span class='ocrx_word' id='word_1_584' title='bbox 1861 3604 1938 3648; x_wconf 80' lang='lat' dir='ltr'>cni</span> <span class='ocrx_word' id='word_1_585' title='bbox 1969 3603 2144 3647; x_wconf 79' lang='lat' dir='ltr'>dicitur</span> <span class='ocrx_word' id='word_1_586' title='bbox 2173 3628 2228 3634; x_wconf 90' lang='lat'>—</span> <span class='ocrx_word' id='word_1_587' title='bbox 2260 3602 2316 3646; x_wconf 83' lang='lat' dir='ltr'>de</span> <span class='ocrx_word' id='word_1_588' title='bbox 2346 3616 2438 3658; x_wconf 78' lang='lat' dir='ltr'>qna</span> <span class='ocrx_word' id='word_1_589' title='bbox 2467 3602 2538 3646; x_wconf 78' lang='lat' dir='ltr'>di-</span> 
     </span>
     <span class='ocr_line' id='line_1_47' title="bbox 370 3672 2536 3732; baseline -0.003 -11"><span class='ocrx_word' id='word_1_590' title='bbox 370 3679 508 3723; x_wconf 78' lang='lat' dir='ltr'>citnr:</span> <span class='ocrx_word' id='word_1_591' title='bbox 542 3691 627 3720; x_wconf 83' lang='lat' dir='ltr'>nec</span> <span class='ocrx_word' id='word_1_592' title='bbox 659 3677 927 3732; x_wconf 83' lang='lat' dir='ltr'>discrepant</span> <span class='ocrx_word' id='word_1_593' title='bbox 958 3691 1078 3732; x_wconf 84' lang='lat' dir='ltr'>quae</span> <span class='ocrx_word' id='word_1_594' title='bbox 1110 3678 1158 3720; x_wconf 93' lang='lat' dir='ltr'>in</span> <span class='ocrx_word' id='word_1_595' title='bbox 1188 3676 1417 3721; x_wconf 87' lang='lat' dir='ltr'>Macrobii</span> <span class='ocrx_word' id='word_1_596' title='bbox 1457 3675 1688 3731; x_wconf 83' lang='lat' dir='ltr'>excerptis</span> <span class='ocrx_word' id='word_1_597' title='bbox 1727 3674 1871 3718; x_wconf 81' lang='lat' dir='ltr'>Paris.</span> <span class='ocrx_word' id='word_1_598' title='bbox 1903 3673 1944 3718; x_wconf 92' lang='lat' dir='ltr'><strong>V</strong></span> <span class='ocrx_word' id='word_1_599' title='bbox 1975 3678 2096 3730; x_wconf 72' lang='lat'><strong>(31139</strong></span> <span class='ocrx_word' id='word_1_600' title='bbox 2127 3673 2350 3729; x_wconf 87' lang='lat' dir='ltr'>legimus:</span> <span class='ocrx_word' id='word_1_601' title='bbox 2375 3672 2536 3728; x_wconf 87' lang='lat' dir='ltr'>prima</span> 
     </span>
     <span class='ocr_line' id='line_1_48' title="bbox 369 3743 2535 3803; baseline -0.002 -12"><span class='ocrx_word' id='word_1_602' title='bbox 369 3749 424 3791; x_wconf 78' lang='lat' dir='ltr'>de</span> <span class='ocrx_word' id='word_1_603' title='bbox 454 3748 593 3792; x_wconf 86' lang='lat' dir='ltr'>tertia</span> <span class='ocrx_word' id='word_1_604' title='bbox 630 3745 693 3791; x_wconf 79' lang='lat' dir='ltr'>ad</span> <span class='ocrx_word' id='word_1_605' title='bbox 732 3747 980 3791; x_wconf 79' lang='lat' dir='ltr'>secundam</span> <span class='ocrx_word' id='word_1_606' title='bbox 1020 3748 1247 3803; x_wconf 77' lang='lat' dir='ltr'>loquitur,</span> <span class='ocrx_word' id='word_1_607' title='bbox 1289 3749 1338 3792; x_wconf 90' lang='lat' dir='ltr'>et</span> <span class='ocrx_word' id='word_1_608' title='bbox 1373 3747 1421 3790; x_wconf 91' lang='lat' dir='ltr'>in</span> <span class='ocrx_word' id='word_1_609' title='bbox 1454 3745 1676 3789; x_wconf 84' lang='lat' dir='ltr'>Prisciani</span> <span class='ocrx_word' id='word_1_610' title='bbox 1709 3744 1988 3788; x_wconf 81' lang='lat' dir='ltr'>institution.</span> <span class='ocrx_word' id='word_1_611' title='bbox 2021 3745 2062 3787; x_wconf 94' lang='lat' dir='ltr'>II</span> <span class='ocrx_word' id='word_1_612' title='bbox 2093 3749 2215 3800; x_wconf 75' lang='lat'>4239:</span> <span class='ocrx_word' id='word_1_613' title='bbox 2252 3743 2409 3799; x_wconf 86' lang='lat' dir='ltr'>prima</span> <span class='ocrx_word' id='word_1_614' title='bbox 2431 3755 2535 3799; x_wconf 81' lang='lat' dir='ltr'>per-</span> 
     </span>
     <span class='ocr_line' id='line_1_49' title="bbox 367 3814 2535 3875; baseline -0.003 -13"><span class='ocrx_word' id='word_1_615' title='bbox 367 3831 481 3862; x_wconf 74' lang='lat' dir='ltr'>sona</span> <span class='ocrx_word' id='word_1_616' title='bbox 506 3819 818 3874; x_wconf 71' lang='lat' dir='ltr'>praeponitur</span> <span class='ocrx_word' id='word_1_617' title='bbox 847 3819 959 3862; x_wconf 81' lang='lat' dir='ltr'>aliis</span> <span class='ocrx_word' id='word_1_618' title='bbox 989 3819 1100 3874; x_wconf 76' lang='lat' dir='ltr'>quia</span> <span class='ocrx_word' id='word_1_619' title='bbox 1138 3820 1242 3874; x_wconf 83' lang='lat' dir='ltr'>ipsa</span> <span class='ocrx_word' id='word_1_620' title='bbox 1273 3819 1480 3875; x_wconf 76' lang='lat' dir='ltr'>loquitur</span> <span class='ocrx_word' id='word_1_621' title='bbox 1521 3820 1562 3860; x_wconf 90' lang='lat' dir='ltr'>et</span> <span class='ocrx_word' id='word_1_622' title='bbox 1584 3829 1672 3872; x_wconf 86' lang='lat' dir='ltr'>per</span> <span class='ocrx_word' id='word_1_623' title='bbox 1712 3828 1810 3859; x_wconf 83' lang='lat' dir='ltr'>eam</span> <span class='ocrx_word' id='word_1_624' title='bbox 1848 3815 2107 3860; x_wconf 76' lang='lat' dir='ltr'>ostenditur</span> <span class='ocrx_word' id='word_1_625' title='bbox 2138 3819 2179 3859; x_wconf 83' lang='lat' dir='ltr'>et</span> <span class='ocrx_word' id='word_1_626' title='bbox 2207 3814 2431 3868; x_wconf 76' lang='lat' dir='ltr'>secunda,</span> <span class='ocrx_word' id='word_1_627' title='bbox 2470 3814 2535 3857; x_wconf 82' lang='lat' dir='ltr'>ad</span> 
     </span>
     <span class='ocr_line' id='line_1_50' title="bbox 370 3884 2534 3946; baseline -0.002 -14"><span class='ocrx_word' id='word_1_628' title='bbox 370 3904 507 3943; x_wconf 70' lang='lat' dir='ltr'>qnam</span> <span class='ocrx_word' id='word_1_629' title='bbox 552 3890 779 3946; x_wconf 78' lang='lat' dir='ltr'>loquitur,</span> <span class='ocrx_word' id='word_1_630' title='bbox 827 3893 869 3932; x_wconf 82' lang='lat' dir='ltr'>et</span> <span class='ocrx_word' id='word_1_631' title='bbox 912 3890 1074 3942; x_wconf 83' lang='lat' dir='ltr'>tertia,</span> <span class='ocrx_word' id='word_1_632' title='bbox 1123 3890 1178 3933; x_wconf 82' lang='lat' dir='ltr'>de</span> <span class='ocrx_word' id='word_1_633' title='bbox 1223 3904 1315 3945; x_wconf 76' lang='lat' dir='ltr'>qua</span> <span class='ocrx_word' id='word_1_634' title='bbox 1355 3888 1572 3944; x_wconf 77' lang='lat' dir='ltr'>loquitur.</span> <span class='ocrx_word' id='word_1_635' title='bbox 1635 3885 1726 3930; x_wconf 86' lang='lat' dir='ltr'>Sed</span> <span class='ocrx_word' id='word_1_636' title='bbox 1768 3886 2020 3943; x_wconf 87' lang='lat' dir='ltr'>vestigium</span> <span class='ocrx_word' id='word_1_637' title='bbox 2059 3884 2354 3930; x_wconf 85' lang='lat' dir='ltr'>correctionis</span> <span class='ocrx_word' id='word_1_638' title='bbox 2392 3884 2534 3940; x_wconf 90' lang='lat' dir='ltr'>Apol-</span> 
     </span>
     <span class='ocr_line' id='line_1_51' title="bbox 368 3954 2534 4017; baseline -0.001 -16"><span class='ocrx_word' id='word_1_639' title='bbox 368 3960 587 4004; x_wconf 82' lang='lat' dir='ltr'>lonianae</span> <span class='ocrx_word' id='word_1_640' title='bbox 620 3959 1016 4017; x_wconf 84' lang='lat' dir='ltr'>deprehendimus</span> <span class='ocrx_word' id='word_1_641' title='bbox 1047 3959 1095 4002; x_wconf 90' lang='lat' dir='ltr'>in</span> <span class='ocrx_word' id='word_1_642' title='bbox 1116 3959 1425 4004; x_wconf 86' lang='lat' dir='ltr'>Bobiensibus</span> <span class='ocrx_word' id='word_1_643' title='bbox 1446 3956 1674 4001; x_wconf 85' lang='lat' dir='ltr'>Macrobii</span> <span class='ocrx_word' id='word_1_644' title='bbox 1706 3956 1938 4012; x_wconf 83' lang='lat' dir='ltr'>excerptis</span> <span class='ocrx_word' id='word_1_645' title='bbox 1969 3956 2010 4000; x_wconf 93' lang='lat' dir='ltr'><strong>V</strong></span> <span class='ocrx_word' id='word_1_646' title='bbox 2033 3961 2151 4012; x_wconf 71' lang='grc'>636,7</span> <span class='ocrx_word' id='word_1_647' title='bbox 2182 3959 2231 4000; x_wconf 90' lang='lat' dir='ltr'>et</span> <span class='ocrx_word' id='word_1_648' title='bbox 2260 3954 2388 4011; x_wconf 87' lang='lat' dir='ltr'>apud</span> <span class='ocrx_word' id='word_1_649' title='bbox 2416 3954 2534 3998; x_wconf 87' lang='lat' dir='ltr'>Mar.</span> 
     </span>
     <span class='ocr_line' id='line_1_52' title="bbox 369 4025 2534 4086; baseline -0.001 -15"><span class='ocrx_word' id='word_1_650' title='bbox 369 4029 488 4073; x_wconf 75' lang='lat' dir='ltr'>Plot.</span> <span class='ocrx_word' id='word_1_651' title='bbox 524 4030 710 4078; x_wconf 82' lang='lat' dir='ltr'>Sacerd.</span> <span class='ocrx_word' id='word_1_652' title='bbox 743 4030 807 4074; x_wconf 93' lang='lat' dir='ltr'>VI</span> <span class='ocrx_word' id='word_1_653' title='bbox 840 4035 971 4085; x_wconf 67' lang='lat'>43214.</span> <span class='ocrx_word' id='word_1_654' title='bbox 1031 4031 1173 4086; x_wconf 88' lang='lat' dir='ltr'>atque</span> <span class='ocrx_word' id='word_1_655' title='bbox 1213 4030 1403 4085; x_wconf 85' lang='lat' dir='ltr'>plenam</span> <span class='ocrx_word' id='word_1_656' title='bbox 1434 4028 1621 4085; x_wconf 80' lang='lat' dir='ltr'>Dyscoli</span> <span class='ocrx_word' id='word_1_657' title='bbox 1651 4027 1934 4071; x_wconf 82' lang='lat' dir='ltr'>sententiam</span> <span class='ocrx_word' id='word_1_658' title='bbox 1966 4040 2228 4083; x_wconf 85' lang='lat' dir='ltr'>expressam</span> <span class='ocrx_word' id='word_1_659' title='bbox 2269 4025 2534 4075; x_wconf 83' lang='lat' dir='ltr'>invenimus</span> 
     </span>
     <span class='ocr_line' id='line_1_53' title="bbox 370 4097 2533 4153; baseline -0.001 -12"><span class='ocrx_word' id='word_1_660' title='bbox 370 4100 473 4142; x_wconf 77' lang='lat' dir='ltr'>aliis</span> <span class='ocrx_word' id='word_1_661' title='bbox 506 4102 687 4146; x_wconf 83' lang='lat' dir='ltr'>duobus</span> <span class='ocrx_word' id='word_1_662' title='bbox 706 4101 929 4145; x_wconf 84' lang='lat' dir='ltr'>Prisciani</span> <span class='ocrx_word' id='word_1_663' title='bbox 960 4100 1088 4144; x_wconf 89' lang='lat' dir='ltr'>locis.</span> <span class='ocrx_word' id='word_1_664' title='bbox 1119 4114 1228 4143; x_wconf 83' lang='lat' dir='ltr'>nam</span> <span class='ocrx_word' id='word_1_665' title='bbox 1260 4101 1307 4143; x_wconf 90' lang='lat' dir='ltr'>in</span> <span class='ocrx_word' id='word_1_666' title='bbox 1340 4099 1617 4145; x_wconf 87' lang='lat' dir='ltr'>duodecimo</span> <span class='ocrx_word' id='word_1_667' title='bbox 1647 4098 1793 4143; x_wconf 84' lang='lat' dir='ltr'>instit.</span> <span class='ocrx_word' id='word_1_668' title='bbox 1831 4097 1950 4142; x_wconf 85' lang='lat' dir='ltr'>libro</span> <span class='ocrx_word' id='word_1_669' title='bbox 1982 4097 2025 4141; x_wconf 91' lang='grc' dir='ltr'>ΙΙ</span> <span class='ocrx_word' id='word_1_670' title='bbox 2057 4102 2172 4153; x_wconf 75' lang='grc'>584,,</span> <span class='ocrx_word' id='word_1_671' title='bbox 2204 4097 2401 4152; x_wconf 82' lang='lat' dir='ltr'>usurpat</span> <span class='ocrx_word' id='word_1_672' title='bbox 2429 4108 2533 4140; x_wconf 85' lang='lat' dir='ltr'>eam</span> 
     </span>
    </p>
   </div>
  </div>
 </body>
</html>
