2808 4394
682 292 770 344 DE
807 297 1217 344 VOCALIBVS
1254 297 1342 341 ET
1383 295 1990 342 CONSONANTIBVS
2355 299 2413 348 11

90 443 246 484 »emb
412 428 681 494 (ύμφωνα
720 430 778 481 δὲ
815 429 880 480 τὰ
920 427 1082 480 λοιπὰ
1120 424 1491 479 ἑπτακαίδεκα·
1541 413 1571 489 Β
1628 414 1661 486 J
1715 410 1745 477 5
1799 414 1826 479 Z
1889 412 1922 477 ὅ
1970 413 2000 477 κ
2051 417 2079 477 λ
2132 414 2166 488 μ
2216 410 2247 477 <e
2301 412 2326 476 Ξ
2377 414 2417 475 ’π

261 516 291 578 f>
367 516 396 565 ἒ
446 515 477 565 ‘Y
541 516 585 578 ᾧ
639 517 671 578 ῖ(
724 517 783 576 ᾧ.
872 511 1132 577 (ύμφωνα
1178 511 1236 562 δὲ
1272 508 1310 577 ἢ·
1348 510 1620 572 λέγονται,
1669 508 1751 561 ὅτι
1788 509 1923 561 αὐτὰ
1968 511 2063 574 μὲν
2101 510 2224 562 καθ’
2261 508 2423 561 ἑαυτὰ

203 611 243 643 1⁵
266 598 458 663 φωνὴν
533 597 631 650 οὐκ
693 596 800 662 ἔχει
811 637 827 665 ,
901 594 1289 659 ευνταεεόμενα
1361 595 1420 647 δὲ
1476 594 1606 659 μετὰ
1658 598 1767 646 τῶν
1832 594 2167 659 φωνηέντων
2223 594 2418 659 φωνὴν

261 682 529 735 ἀποτελεῖ.

404 765 626 821 Τούτων
662 764 913 831 ἡμίφωνα
951 763 1047 830 μέν
1086 763 1222 816 ἐετιν
1261 761 1417 816 ὀκτώ·
1458 767 1486 817 ζ
1536 763 1563 814 ξ
1609 780 1651 827 ψ
1697 764 1728 814 λ
1780 781 1814 827 μ
1858 780 1888 816 ν
1942 780 1972 827 ρ
2026 780 2066 815 c·
2167 761 2420 828 ἡμίφωνα
2447 771 2477 818 5

264 933 641 990 [Drscnnunru
677 947 966 979 semri-vius
998 947 1046 975 m
1078 929 1455 986 LGBVHAfb]
1516 929 1546 973 2
1575 931 1625 974 δὲ
1656 943 1732 973 om
1765 929 1836 984 G}
1899 930 2113 982 λέγονται
2145 929 2200 972 L:
2234 931 2419 983 λέγεται

261 1003 444 1061 ceterin
522 1005 553 1050 5
575 1004 698 1048 ἑετιν
727 1017 804 1048 om
833 1002 995 1046 HAfb

263 1130 650 1187 [Discus-‚murus
671 1146 726 1174 ΕΤ
749 1144 1039 1174 ΤεετηιοΝῙΔ
1060 1144 1302 1173 scuomon.
1324 1132 1391 1183 (Σ
1404 1131 1455 1181 λ)
1489 1143 1800 1171 ΕΒοΤΕΜΑΤνΜ
1823 1130 1906 1182 (Ε)
1935 1142 2139 1171 ⁴&mouvu
2162 1127 2415 1184 sonim-on]

270 1214 362 1257 quo
394 1215 451 1245 ex
479 1201 583 1245 loco
613 1201 713 1245 iure
745 1200 992 1258 colligeres
1013 1199 1290 1255 Dionysium
1320 1199 1554 1256 scripsisse
1585 1200 1830 1254 δίφθογγοι
1860 1200 1910 1242 δὲ
1941 1199 2165 1253 εὔφωνοι,
2197 1197 2285 1241 nisi
2315 1212 2420 1241 cum

261 1273 345 1316 ΠΗ
380 1271 706 1329 corrigendum
748 1271 870 1314 esset
913 1271 967 1315 ἃ(
998 1273 1073 1314 καὶ
1111 1271 1255 1314 αὐτός
1287 1284 1449 1325 φηςιν,
1497 1283 1617 1325 quae
1660 1269 1890 1326 scriptura
1927 1268 2163 1312 stabilitur
2211 1267 2418 1311 eiusdem

258 1342 530 1398 interpretis
551 1341 703 1385 verbis
730 1341 802 1384 his
835 1341 993 1398 (8035):
1027 1341 1174 1385 λείπει
1203 1342 1258 1384 τὸ
1280 1342 1504 1396 εὔφωνοι.
1529 1343 1745 1384 ceterum
1775 1352 1869 1382 non
1890 1340 2039 1396 magis
2060 1352 2203 1395 quam
2226 1337 2417 1382 Melam-

258 1427 347 1470 pus
391 1414 666 1469 acquievere
710 1412 760 1455 in
809 1411 1021 1467 Dionysii
1063 1425 1144 1455 sex
1182 1410 1486 1467 diphthongis
1516 1415 1566 1455 Σ
1586 1409 1912 1466 80317(Steph)
1964 1409 2187 1454 ZGoettl
2204 1415 2293 1463 351.z
2324 1410 2419 1460 Eb,

259 1477 428 1537 quibus
456 1482 571 1526 locis
599 1495 720 1538 quae
752 1482 989 1535 docentur,
1023 1495 1183 1525 eorum
1212 1494 1320 1538 pars
1351 1495 1409 1525 ex
1439 1480 1687 1538 Apollonio
1708 1479 1909 1536 Dyscolo
1939 1495 2023 1536 per
2045 1480 2418 1524 Choeroboscum

259 1553 346 1606 (cfr
373 1552 423 1596 in
454 1552 631 1596 Theod.
661 1557 778 1608 402„
810 1555 948 1608 520,0)
980 1551 1040 1596 ad
1060 1551 1341 1608 posteriores
1361 1565 1572 1595 manasse
1593 1552 1793 1595 videtur.
1842 1554 1890 1595 E
1899 1558 1915 1585 ἕ
1937 1551 2095 1594 autem
2118 1552 2167 1594 et
2187 1553 2260 1595 Ε*
2291 1549 2417 1593 ultra

258 1623 535 1679 Dionysium
565 1622 640 1667 hic
669 1635 762 1667 non
793 1622 1019 1680 sapiuntll
1151 1621 1178 1666 1
1209 1625 1283 1667 E*g
1313 1622 1380 1666 ita
1411 1621 1631 1665 ordinant
1660 1635 1905 1666 consonas:
1945 1625 1968 1676 β
2006 1636 2037 1675 γ
2074 1623 2099 1665 δ
2139 1637 2166 1666 κ
2197 1636 2231 1665 π
2262 1634 2290 1664 τ
2321 1624 2347 1663 θ
2379 1634 2418 1674 φ

259 1696 765 1749 χζξψλμνρε

259 1819 534 1878 [Lucriouns
562 1821 782 1877 Anni-2⁸11]
844 1820 1244 1877 diphthongorum
1274 1833 1469 1878 genera:
1497 1819 1738 1865 natm-ales
1766 1820 2038 1877 diphthonqi
2065 1823 2174 1864 sunt
2195 1819 2418 1875 quinque.-

258 1905 324 1935 αα
354 1904 410 1935 eu
429 1903 490 1935 ou
510 1891 561 1934 ai
579 1891 639 1945 oi,
673 1896 713 1936 et
733 1895 1042 1948 repuynantes
1059 1896 1174 1936 tres.-
1192 1895 1257 1938 ἔα
1275 1887 1338 1939 ἔτι
1357 1891 1422 1935 iu.
1454 1890 1655 1935 alterum
1675 1905 1824 1948 genus
1840 1890 2170 1935 denominatur
2186 1889 2415 1934 vocabulo

257 1961 536 2018 composito,
568 1960 700 2005 cuius
736 1961 866 2018 prior
899 1975 1009 2019 pars
1041 1964 1201 2019 (Py-na)
1238 1962 1335 2006 vim
1389 1961 1645 2005 infestandi
1688 1961 1767 2006 vel
1808 1961 2013 2006 vexandi
2048 1960 2216 2015 habet,
2268 1960 2419 2004 altera

257 2034 469 2088 (pm-par)
500 2045 664 2076 vocem
694 2031 941 2089 significat.
1001 2033 1208 2077 dubitari
1236 2033 1397 2076 autem
1425 2032 1594 2088 nequit
1622 2033 1736 2089 quin
1765 2045 1856 2076 non
1890 2046 1948 2076 ex
1970 2031 2206 2076 armeniae
2227 2030 2416 2088 linguae

254 2101 413 2146 indole
442 2102 564 2146 hanc
594 2101 946 2147 distinctionem
974 2103 1185 2148 hauserit
1212 2103 1458 2160 interpres,
1490 2103 1572 2147 sed
1604 2117 1660 2148 ex
1681 2103 1892 2160 Dionysii
1923 2102 2180 2159 exemplari
2211 2101 2418 2146 correcto

255 2173 333 2217 vel
363 2186 420 2217 ex
450 2172 608 2229 aliquo
639 2172 900 2217 scholiasta.
957 2173 1067 2218 vide
1112 2173 1229 2217 mihi
1265 2188 1383 2230 quas
1414 2173 1677 2231 Melampus
1706 2178 1816 2230 8039
1845 2174 1982 2231 ponit
2017 2174 2133 2217 duas
2165 2172 2416 2229 diphthon-

254 2257 421 2301 gorum
451 2243 619 2294 classes
650 2246 839 2300 praeter
869 2257 973 2288 eam
1004 2243 1175 2288 seriem
1204 2258 1347 2301 quam
1377 2244 1628 2301 Dionysius
1667 2246 1925 2289 enumerat.
1977 2244 2164 2288 illarum
2202 2242 2417 2286 classium

255 2314 316 2358 ab
346 2313 646 2370 Melampode
677 2313 947 2358 additarum
975 2315 1123 2371 priori
1152 2316 1231 2371 (ηυ
1272 2329 1341 2359 ωυ
1380 2318 1441 2369 υι)
1475 2314 1671 2359 alteram
1703 2316 1914 2359 Armenii
1943 2315 2110 2359 seriem
2147 2318 2225 2369 (ἑιι
2252 2314 2317 2358 ἔα
2343 2313 2416 2368 iu)

255 2384 539 2440 respondere
571 2384 811 2439 concedes,
843 2385 882 2428 si
911 2385 1206 2442 reputaveris
1233 2399 1319 2441 pro
1350 2401 1393 2430 υι
1422 2386 1731 2442 interpretem
1767 2387 1815 2429 in
1844 2385 2057 2442 proxime
2096 2383 2416 2429 antecedenti-

254 2455 342 2498 bus
387 2468 574 2510 quoque
603 2455 658 2499 iu
686 2456 896 2510 posuisse
934 2456 1078 2511 atque
1116 2456 1378 2500 armenium
1415 2461 1473 2503 &u
1514 2457 1655 2514 plane
1705 2470 1959 2514 congruere
1998 2471 2103 2500 oum
2142 2468 2310 2513 graeco
2341 2470 2415 2510 ηυ.
2484 2485 2486 2488 -

255 2525 523 2569 nominibus
552 2538 662 2569 sane
692 2524 1015 2583 Melampodis,
1048 2539 1077 2569 a
1106 2539 1199 2583 quo
1229 2540 1275 2570 αι
1305 2541 1364 2571 αυ
1396 2541 1435 2572 ει
1466 2541 1518 2572 ευ
1548 2542 1594 2572 οι
1625 2543 1680 2572 ου
1710 2527 2042 2584 nuncupantur
2080 2528 2312 2582 εὔφωνοι,
2357 2540 2416 2580 ηυ

265 2610 334 2640 ωυ
373 2610 417 2639 υι
446 2608 559 2639 vero
591 2597 886 2652 κακόφωνοι,
933 2610 1026 2640 non
1055 2597 1206 2640 utitur
1234 2598 1504 2653 Armenius,
1550 2598 1633 2642 sed
1670 2598 1764 2643 alia
1792 2597 2165 2642 nomenclatione
2197 2610 2338 2653 quam
2368 2596 2416 2639 in

254 2679 422 2722 graeco
471 2665 778 2723 grammatico
822 2666 1065 2724 hucusque
1103 2680 1197 2711 non
1226 2668 1433 2725 repperi,
1481 2669 1692 2713 attamen
1735 2669 1887 2725 ipsam
1931 2681 2119 2725 quoque
2158 2681 2217 2711 ex
2246 2679 2419 2723 graeca

254 2736 469 2781 doctrina
498 2735 747 2780 oriundam
778 2750 878 2781 esse
908 2739 1040 2795 puto,
1115 2753 1161 2783 αι
1192 2753 1250 2784 αυ
1282 2753 1321 2784 ει
1352 2754 1403 2784 ευ
1435 2754 1478 2784 οι
1508 2754 1564 2784 ου
1603 2739 1922 2797 diphthongos
1953 2738 2140 2784 videtur
2168 2738 2417 2782 Armenius

257 2811 469 2863 φυεικῶν
499 2807 688 2851 nomine
719 2809 906 2852 ornatas
934 2807 1103 2866 legisse
1133 2809 1183 2852 in
1214 2823 1296 2854 suo
1328 2810 1540 2866 Dionysii
1570 2810 1830 2867 exemplari
1860 2809 1938 2854 vel
1968 2809 2304 2854 commentario
2336 2823 2414 2852 ve·

252 2880 377 2932 tere;
425 2876 619 2922 alterius
650 2878 809 2922 autem
850 2877 1007 2923 classis
1045 2879 1324 2924 vocabulum
1357 2881 1673 2925 armeniacum
1702 2882 1899 2925 fortasse
1923 2894 1980 2925 ex
2001 2882 2309 2935 ἐχθρόφωνοε
2340 2879 2418 2924 vel

257 2949 611 3002 ἑναντιόφωνοε
642 2949 805 2992 natum
837 2950 907 2992 est
938 2949 1014 2994 vel
1035 2964 1091 2994 ex
1112 2950 1205 2994 alia
1228 2964 1358 3006 voce,
1391 2965 1512 3008 quae
1533 2951 1831 3009 significabat
1848 2951 1898 2994 in
1918 2950 1990 2995 his
2011 2950 2316 3008 diphthongis
2335 2963 2414 2994 vo-

253 3018 377 3062 cales
424 3031 518 3062 non
547 3018 752 3062 naturali
800 3019 1004 3075 quodam
1050 3021 1181 3064 motu
1219 3021 1365 3076 coire,
1403 3022 1486 3066 sed
1523 3021 1568 3066 vi
1599 3023 1786 3066 tantum
1821 3021 2049 3079 copulari,
2098 3022 2261 3078 utpote
2293 3020 2418 3064 inter

255 3103 303 3134 se
333 3089 541 3133 infestas.
574 3089 770 3145 (κυρίων
799 3090 1116 3147 appellatione
1154 3095 1204 3136 Σ
1225 3090 1398 3137 Goettl.
1422 3099 1521 3150 3518
1553 3108 1597 3138 αι
1627 3107 1684 3138 αυ
1716 3108 1756 3138 ει
1787 3107 1838 3137 ευ
1869 3107 1911 3138 οι
1941 3108 1996 3137 ου
2028 3092 2245 3147 denotat,
2275 3106 2414 3136 κατα-

253 3164 515 3216 χρηετικῶν
552 3159 742 3204 nomine
786 3160 914 3205 idem
945 3161 1194 3207 scholiasta.
1231 3163 1391 3219 ηυ’ωυ
1429 3180 1473 3209 υι
1512 3180 1541 3221 ᾳ
1579 3180 1607 3221 ῃ
1642 3180 1680 3220 ῳ
1711 3164 1965 3222 significat,
2009 3169 2109 3208 τῶν
2148 3164 2266 3208 κατὰ
2303 3163 2413 3207 διέξ-

255 3233 368 3275 οδον
416 3230 606 3274 nomine
672 3231 731 3274 ab
773 3230 998 3279 Choerob.
1030 3237 1160 3288 402„
1210 3233 1406 3291 aliisque
1456 3250 1516 3291 ηυ
1567 3249 1636 3279 ωυ
1686 3250 1730 3279 υι
1774 3235 2135 3290 nuncupantur.)
2205 3235 2414 3278 ceterum

251 3301 350 3345 noli
386 3301 568 3358 opinari
605 3301 879 3346 Armenium
917 3302 1059 3347 etiam
1096 3317 1341 3348 numerum
1375 3306 1683 3362 genuinarum
1717 3305 2115 3363 diphthongorum
2156 3318 2213 3348 ex
2242 3317 2413 3360 graeco

254 3372 413 3428 aliquo
452 3373 661 3416 correcto
701 3373 958 3430 exemplari
996 3375 1268 3431 sumpsisse,
1307 3376 1419 3432 quia
1447 3376 1574 3432 apud
1602 3376 1869 3421 Bekkerum
1898 3381 2010 3431 8054
2031 3375 2161 3430 (Mel)
2201 3375 2412 3431 legatur:

257 3443 533 3498 διφθόγγων
581 3447 682 3487 τῶν
731 3445 888 3488 πέντε.
958 3459 1068 3490 nam
1117 3444 1233 3490 haec
1288 3448 1510 3503 corrupta
1559 3460 1656 3491 esse
1707 3447 1863 3491 elucet
1910 3460 1967 3491 ex
2016 3445 2109 3490 UH
2400 3448 2413 3502 Η

255 3514 284 3558 5
393 3513 584 3558 τούτων
626 3539 672 3545 -
713 3529 744 3572 p
782 3515 858 3571 13,
891 3515 921 3561 3
952 3521 1039 3560 τοῦ
1069 3507 1102 3561 ὅ
1129 3518 1203 3560 καὶ
1234 3516 1293 3574 r]
1352 3516 1452 3562 Hoc
1489 3517 1591 3561 loco
1630 3518 1991 3575 praeceptorum
2028 3518 2238 3562 ordinem
2277 3517 2413 3561 valde

251 3582 537 3636 immutavit,
582 3585 860 3630 vernaculae
896 3586 1086 3643 linguae
1122 3586 1389 3632 differentia
1416 3588 1626 3632 coactus:
1678 3602 1788 3633 nam
1816 3591 2067 3645 postquam
2099 3602 2258 3632 omnes
2302 3602 2409 3632 con-

252 3667 394 3697 sonas
432 3655 680 3699 Armenius
718 3657 1014 3701 enumeravit
1058 3658 1107 3702 et
1141 3657 1168 3702 1
1208 3660 1440 3713 (ύμφωνα
1478 3684 1526 3689 -
1569 3659 1601 3703 4
1639 3659 1861 3704 ἀποτελεῖ
1905 3659 2159 3713 convertit,
2210 3658 2412 3714 primum

257 3737 431 3778 omnes,
464 3738 557 3768 non
586 3726 740 3770 mutas
768 3727 954 3771 tantum
992 3727 1232 3773 distribuit
1267 3728 1315 3772 in
1346 3729 1441 3773 tres
1472 3729 1673 3785 species,
1721 3743 1842 3787 quae
1879 3744 1971 3774 non
2002 3743 2066 3783 re,
2100 3729 2183 3773 sed
2212 3728 2411 3772 nomini·

254 3794 342 3838 bus
371 3798 529 3850 ψιλοῑε
549 3797 699 3842 δαεὲει
721 3797 872 3850 μέεοιε
902 3798 1187 3855 respondent
1216 3800 1357 3855 atque
1378 3799 1437 3842 ad
1458 3799 1654 3843 verbum
1675 3801 1899 3845 transfert
1929 3800 2054 3855 quod
2075 3799 2327 3855 Dionysius
2350 3799 2408 3843 de

253 3865 515 3909 mediarum
536 3866 724 3911 nomine
745 3882 776 3924 p
797 3867 880 3926 13,
900 3868 927 3913 1
950 3868 1075 3912 dicit.
1127 3868 1296 3913 deinde
1319 3870 1491 3925 ἄφωνα
1513 3873 1759 3915 enumerat
1779 3873 1828 3916 et
1848 3871 1981 3915 addit
2008 3883 2126 3927 quae
2148 3871 2412 3927 congruunt

259 3949 367 3978 cum
396 3935 469 3979 his
500 3937 675 3981 verbis:
710 3951 740 3992 p
771 3936 846 3996 12,
878 3939 909 3984 3
940 3939 1112 3995 ἄφωνα
1141 3965 1197 3972 -
1226 3941 1257 3985 4
1288 3942 1590 3995 κακόφωνον.
1650 3942 1852 3999 denique
1884 3943 1988 3987 octo
2011 3941 2234 3995 ἡμίφωνα
2264 3941 2410 3984 nomi-

252 4006 336 4048 nat
366 4008 413 4049 et
444 4006 780 4064 interpretatur
810 4008 936 4064 quod
957 4008 1207 4066 Dionysius
1238 4011 1504 4065 ἡμιφώνων
1525 4011 1725 4056 nominis
1747 4012 2031 4068 explanandi
2052 4023 2193 4056 causa
2215 4010 2407 4067 profert.

253 4073 417 4130 Itaque
463 4090 520 4120 ne
571 4076 659 4121 hoc
690 4077 881 4135 quidem
918 4078 1019 4124 loco
1053 4080 1297 4124 Armenius
1338 4081 1518 4125 inutilis
1558 4083 1629 4127 est
1666 4083 1725 4127 ad
1756 4082 2030 4139 Dionysium
2061 4082 2410 4136 recensendum.
