2808 4394
1083 279 1400 339 upocomiA
1425 319 1476 325 -
1499 296 1585 339 ῬΑ
2306 297 2400 348 171

308 433 464 473 nores,
504 421 747 475 productio
786 423 870 465 aut
905 419 1136 475 correptio
1167 431 1303 464 voca·
1404 432 1508 463 cere
1538 422 1734 475 possunt
1769 428 1841 477 10,
1879 421 1992 464 4bis
2031 423 2081 466 et
2109 427 2136 464 6
2172 422 2277 476 (sed
2310 422 2404 466 veri

306 489 420 533 lium
451 491 728 546 ancipitum,
770 491 982 547 spiritus,
1019 489 1303 545 synaloephe
1403 489 1552 533 simile
1589 490 1660 533 est
1698 495 1763 541 10,
1794 496 1883 534 4-
1911 496 1935 534 7
1974 492 2034 534 ab
2072 492 2229 536 aliena
2266 505 2403 536 manu

307 559 506 603 duarum
555 574 721 605 vocum
770 575 891 617 quae
939 561 1106 618 prioris
1153 560 1305 604 vocali
1404 558 1569 602 addita
1612 573 1735 614 esse,
1782 560 1889 604 vide
1934 562 2054 609 Add.
2092 561 2278 605 Lxxlx
2315 563 2404 617 28).

306 629 433 674 finali
469 630 583 675 elisa
620 630 836 686 efficitur,
874 629 1135 676 coniunctio
1166 630 1305 687 sylla-
1405 629 1463 672 de
1485 628 1683 673 articulo
1703 631 2022 687 praepositivo
2043 637 2113 684 61,
2128 638 2153 676 3
2177 632 2276 686 (sed
2299 631 2404 676 vidc

308 700 470 744 barum
502 700 550 745 in
581 715 723 746 unam
752 714 936 756 vocem,
976 700 1225 746 disiunctio
1256 702 1303 746 in
1404 698 1524 743 Add.
1540 698 1662 744 XCII
1680 706 1722 754 6,
1746 701 2315 759 Z.Wieder7aerstcllun9p
2333 704 2404 756 76)

306 769 477 826 plures.
530 771 822 817 Herodianus
851 772 1088 828 passiones
1118 770 1166 815 in
1196 786 1303 829 pro·
1349 767 1674 828 προτοέσσω.
1726 774 2107 826 προταεεόμενον
2128 772 2184 816 (16
2207 772 2404 816 articulo

308 840 542 886 sodiarum
573 855 765 886 numero
794 855 887 886 000
907 843 1078 898 posuit,
1107 843 1214 887 vide
1244 843 1305 887 ad
1404 839 1720 896 praepositivo
1751 845 1819 894 61,
1852 847 1877 884 2
1923 842 1990 898 [61
2019 847 2045 886 3
2082 843 2129 885 in
2160 842 2292 886 codd.
2323 842 2401 886 dc-

312 916 414 966 107,
450 917 587 960 1-2,
653 911 901 969 Dionysius
945 913 1099 957 nescio
1149 926 1208 956 an
1246 927 1306 958 ne
1405 908 1656 954 terioribus
1694 913 1744 954 et
1773 910 2092 970 editionibusJ.
2152 913 2403 967 προταεεόψ

308 982 523 1038 tempora
542 982 732 1037 quidem
753 984 835 1027 aut
855 983 1043 1040 spiritus
1062 984 1305 1039 prosodias
1405 994 1538 1034 μεναι
1571 987 1636 1034 10,
1666 986 1692 1025 5
1774 1002 1777 1006 ·

307 1054 657 1110 nuncupaverit.
702 1067 810 1097 nam
840 1054 1088 1110 postquam
1119 1059 1144 1108 ξ
1166 1060 1190 1099 2
1222 1056 1303 1100 do·
1348 1049 1732 1111 προτιθεμένη
1763 1051 1820 1095 (16
1842 1052 2266 1109 praepositionibus
2287 1059 2356 1110 70,
2378 1060 2404 1098 2

308 1122 404 1166 61111
442 1122 731 1167 recitandum
765 1136 865 1167 esse
903 1127 1017 1168 καθ’
1045 1126 1303 1182 ὑπόκριειν,
1348 1121 1615 1182 προφοροὲ
1638 1123 1973 1178 pronuntiatio
2003 1128 2043 1178 6,
2077 1128 2103 1167 5

308 1195 427 1237 κατὰ
457 1194 737 1249 προεῳδίαν,
770 1195 888 1239 κατὰ
917 1196 1179 1252 διαετολήν,
1210 1198 1304 1252 pri·
1349 1190 1653 1253 πρόχειρος
1692 1194 1913 1238 ἀπόδοει(
1936 1198 2152 1250 prompta
2181 1196 2404 1251 expositio

306 1278 433 1307 mum
471 1264 661 1319 quidem
699 1265 988 1321 ὑποκρίεεωε
1018 1265 1173 1311 officia
1200 1280 1305 1323 per-
1405 1268 1446 1319 6,
1481 1269 1503 1307 1

306 1334 531 1390 sequitur,
548 1334 690 1379 tertio
705 1335 808 1380 loco
824 1335 883 1379 de
899 1337 1142 1392 διαετολῆ(
1161 1338 1304 1395 signis
1349 1335 1570 1396 πρῶτος
1618 1335 1882 1392 exemplum
1932 1335 2131 1380 nominis
2182 1336 2405 1381 ordinalis

305 1404 335 1447 i.
368 1417 407 1448 e.
440 1404 498 1449 de
527 1405 979 1462 interpunctionibus
1010 1406 1206 1463 disserit,
1238 1423 1303 1454 se·
1404 1410 1473 1460 44,
1491 1410 1531 1449 2.
1561 1430 1615 1437 -
1645 1408 1899 1462 usurpatur
1928 1409 2095 1464 πρώτη
2121 1413 2189 1462 51,
2210 1413 2247 1452 1.
2278 1414 2405 1463 58,1.

309 1475 461 1518 cundo
483 1476 541 1519 de
563 1477 847 1534 accentibus,
870 1478 953 1522 sed
970 1478 1148 1522 nullum
1164 1480 1305 1535 plane
1406 1482 1482 1534 59,
1512 1483 1552 1522 4.
1613 1482 1807 1532 πρῶτον
1838 1481 1884 1534 5,
1918 1482 1958 1522 4.
1990 1482 2068 1534 51,
2100 1478 2231 1526 4bis,
2274 1480 2402 1534 πρώ-

306 1547 502 1591 verbum
531 1547 676 1592 habet
705 1547 763 1591 de
794 1548 1083 1605 temporibus
1113 1551 1195 1594 aut
1215 1551 1305 1607 spi·
1405 1563 1491 1604 τηε
1521 1553 1591 1603 59,
1622 1553 1662 1592 4.
1722 1550 1922 1605 πρώτην
1953 1554 2023 1603 25,
2054 1554 2082 1592 4

306 1617 486 1662 ritibus,
530 1631 614 1662 nec
635 1619 821 1662 constat
839 1618 967 1674 mihi,
999 1619 1307 1664 Aristotelem
1350 1617 1717 1679 πρωτότυπος
1737 1618 1795 1663 (16
1810 1619 2087 1673 nominibus,
2112 1620 2279 1675 verbiS,
2300 1635 2402 1677 pro-

306 1688 567 1744 προεῳδίαε
602 1690 790 1733 0001106
820 1702 913 1734 non
943 1689 1093 1735 solum
1122 1691 1308 1736 tenores
1406 1689 1673 1734 nominibus
1702 1687 1973 1745 primitivis,
2014 1703 2132 1744 quae
2164 1704 2407 1748 opponun-

307 1759 390 1802 sed
441 1758 583 1803 etiam
633 1759 826 1815 spiritus
885 1760 1307 1816 comprehendisse.
1408 1760 1484 1803 tur
1500 1758 1736 1803 derivatis.
1778 1761 2100 1814 πρωτοτύπου
2118 1766 2185 1816 28,
2205 1766 2245 1806 6.
2278 1776 2405 1817 πρω·

307 1842 414 1872 nam
445 1829 527 1883 qui
546 1829 673 1873 locus
694 1829 754 1874 ad
773 1830 893 1874 hanc
915 1830 1179 1887 opinionem
1201 1845 1307 1889 pro·
1408 1830 1621 1874 τότυπον
1651 1833 1725 1879 25,
1759 1834 1784 1873 3
1807 1829 1888 1873 bis.
1931 1835 2008 1885 50,
2044 1836 2064 1874 1
2084 1831 2168 1875 bis.
2219 1834 2405 1887 πρωτό-

304 1898 510 1942 bandam
559 1899 684 1944 solus
734 1899 891 1944 afferri
938 1903 1116 1957 potest,
1174 1904 1306 1960 soph.
1407 1915 1548 1945 τυποι
1577 1903 1645 1954 68,
1675 1905 1717 1947 3,
1770 1902 2108 1955 πρωτοτύπων
2137 1906 2204 1956 65,
2238 1907 2258 1945 1
2292 1904 2399 1947 612.

306 1968 482 2014 elench.
518 1970 671 2026 177b‚‚
703 1970 783 2014 ubi
814 1972 924 2026 ὄρος
954 1973 1003 2016 61
1031 1973 1141 2028 ὅρος
1171 1987 1307 2018 voces
1409 1974 1476 2025 66,
1507 1975 1548 2018 3.
1579 1975 1648 2025 67,
1680 1975 1707 2015 3

304 2045 364 2096 τῇ
404 2042 643 2098 προεῳδίᾳ
689 2042 798 2097 (sua
830 2043 1064 2099 prosodia)
1101 2057 1304 2100 pronun-
1349 2046 1424 2088 ’πε-τ
1464 2042 1651 2086 litterae
1683 2041 2086 2087 characteristicae
2115 2042 2297 2100 primae
2327 2044 2406 2088 ba-

304 2109 450 2154 tiatae
487 2110 674 2155 differre
714 2111 933 2155 dicuntur
961 2113 1218 2171 potestate,
1251 2141 1305 2148 —
1407 2113 1680 2168 rytonorum
1711 2111 2051 2170 coniugationis
2081 2117 2149 2168 54,
2182 2119 2207 2157 2

306 2180 346 2224 is
380 2181 549 2225 vdubito
589 2195 649 2225 an
686 2182 757 2225 ita
791 2181 1093 2240 corrigendus
1130 2184 1211 2239 sit,
1255 2188 1308 2230 ut
1351 2186 1562 2240 πτῶσις
1592 2196 1739 2230 casus.
1790 2184 1992 2228 πτώεειε
2015 2189 2083 2237 24,
2104 2189 2142 2230 7.
2174 2189 2242 2239 31,
2263 2188 2304 2228 5.
2338 2189 2405 2238 62,

305 2252 416 2307 ὅρος
436 2252 710 2296 muteturin
733 2254 858 2308 ὀρόε.
904 2255 1165 2310 antiquiore
1187 2257 1305 2300 tem·
1410 2258 1431 2296 1
1465 2256 1514 2298 et
1543 2259 1583 2300 5.
1615 2258 1684 2308 64,
1719 2258 1756 2297 1.
1788 2258 1856 2307 67,
1889 2260 1926 2298 3.
1958 2255 2186 2311 †m·dscw
2220 2260 2286 2309 15,
2319 2262 2345 2299 2

305 2335 418 2378 pore
458 2323 720 2379 προεῳδίαε
760 2337 921 2369 vocem
957 2325 1076 2369 nihil
1112 2327 1200 2370 nisi
1238 2331 1306 2372 te·
1351 2320 1628 2382 πτωτικός
1673 2325 1731 2368 (16
1777 2324 1968 2368 vocibus
2014 2337 2134 2380 quae
2178 2325 2226 2369 in
2273 2340 2406 2370 casus

305 2406 443 2438 nores
490 2393 772 2450 significasse
831 2395 1033 2451 probare
1092 2398 1309 2442 videntur
1408 2394 1534 2439 flecti
1570 2396 1785 2451 possuntz
1832 2394 1890 2439 de
1926 2395 2112 2440 nomine
2152 2401 2227 2450 24,
2259 2401 2307 2446 3;
2347 2396 2405 2440 de

306 2463 448 2508 etiam
485 2464 708 2510 Varronis
754 2467 800 2510 et
839 2465 1112 2519 Quintiliani
1148 2469 1306 2524 verba,
1411 2465 1607 2510 articulo
1638 2469 1707 2519 61,
1737 2471 1763 2509 2

308 2535 366 2579 (16
398 2534 564 2589 quibus
595 2535 706 2579 alibi
737 2535 916 2590 dicam,
954 2537 1154 2594 denique
1185 2540 1308 2595 quod
1353 2532 1461 2593 πύξ
1498 2536 1761 2593 exemplum
1802 2536 2126 2581 adverbiorum
2161 2537 2404 2592 qualitatis

307 2605 493 2649 tenores
523 2609 727 2660 tantum,
759 2607 941 2664 opinor,
973 2608 1072 2653 iure
1103 2609 1214 2654 licet
1244 2611 1309 2653 di·
1410 2611 1476 2660 75,
1511 2612 1531 2650 1

306 2689 409 2720 cere
440 2678 580 2721 cantu
611 2678 813 2733 quodam
834 2679 957 2733 addi,
989 2693 1083 2724 non
1104 2680 1306 2737 spiritus,
1351 2678 1486 2733 *πῦρ
1526 2678 1791 2736 exemplum
1829 2678 2214 2723 circumflexionis
2247 2683 2345 2732 106,
2379 2686 2405 2724 3

304 2761 397 2791 non
425 2747 640 2805 tempora
1351 2749 1592 2804 †m'1p1voc
1638 2750 1903 2805 exemplum
1952 2748 2190 2793 nominum
2241 2763 2405 2804 μετου-

248 2815 556 2880 πρόσωπον
603 2819 660 2863 (16
711 2821 920 2876 personis
967 2822 1214 2866 verborum
1261 2825 1310 2867 et
1408 2824 1651 2863 ειαετικῶν
1680 2825 1756 2875 45,
1787 2826 1813 2864 2

304 2890 647 2945 pronominum.
711 2892 967 2946 προεώπου
997 2898 1072 2947 58,
1107 2898 1142 2937 1.
1192 2895 1305 2949 πρό·
1343 2892 1368 2919 *
1388 2891 1629 2945 πυρρίχιος
1660 2896 1755 2945 117,
1785 2896 1811 2935 9

306 2973 440 3004 (ωπα
469 2965 539 3012 47,
574 2966 610 3008 1.
643 2967 712 3015 54,
744 2967 785 3005 4.
821 2966 889 3015 64,
925 2967 962 3009 l.
992 2967 1062 3018 65,
1096 2970 1132 3008 1.
1191 2979 1304 3020 προ·
1348 2956 1434 3007 πώ
1472 2962 1520 3004 10
1559 2975 1751 3006 numero
1791 2961 2169 3007 coniunctionum
2209 2961 2403 3017 expleti-

308 3031 487 3075 (ώπων
517 3034 588 3086 46,
618 3036 659 3079 4.
697 3036 767 3087 60,
799 3037 839 3079 4.
878 3037 947 3088 63,
981 3038 1022 3081 2,
1068 3037 1182 3079 *125
1212 3035 1234 3078 Ι
1265 3042 1305 3083 8,
1406 3045 1568 3076 varum
1601 3033 1672 3076 est
1691 3037 1759 3087 99,
1784 3037 1822 3076 1.
1870 3032 2045 3087 ubique
2066 3046 2150 3090 pro
2179 3031 2405 3077 adverbio

226 3110 230 3113 ⁴
308 3126 361 3133 —
393 3102 640 3146 universae
671 3103 931 3157 προεώπου
962 3104 1167 3150 notionis
1196 3106 1306 3150 defi·
1391 3102 1623 3146 *voculam
1654 3103 1895 3147 habebant
1925 3104 2082 3157 atque,
2115 3102 2194 3145 ubi
2225 3116 2317 3146 non
2337 3102 2403 3146 in-

305 3171 532 3216 nitionem
550 3172 673 3216 hanc
692 3173 924 3229 praebent
943 3176 1204 3220 erotemata
1226 3191 1305 3220 ve·
1408 3173 1690 3228 clinabatur,
1741 3173 2169 3217 circumflectebant
2211 3172 2405 3228 Apollo·

303 3242 580 3286 tustissima:
617 3243 674 3285 τὸ
705 3245 779 3287 διὰ
807 3249 909 3288 τῶν
937 3245 1127 3289 οἰκείων
1158 3247 1305 3291 αὐτοῦ
1406 3243 1511 3287 nius
1540 3242 1675 3300 Dysc.
1709 3245 1757 3288 et
1787 3243 2105 3288 Herodianus:
2138 3243 2198 3287 ad
2228 3243 2259 3288 1.
2288 3243 2318 3288 l.

305 3313 641 3368 ἐνεργημάτων
671 3328 725 3358 τε
755 3316 831 3358 καὶ
863 3315 1134 3369 ἰδιωμάτων
1164 3331 1307 3371 φανε-
1349 3316 1462 3371 πῶς
1493 3316 1758 3371 exemplum
1789 3313 2117 3358 adverbiorum
2145 3314 2403 3370 interroga-

303 3387 401 3438 ρῶ(
417 3385 778 3440 καὶὼριεμένωε
794 3389 897 3430 τῶν
912 3374 1142 3441 ὁμοφυῶν
1157 3388 1305 3432 αὐτοῦ
1407 3385 1545 3430 tionis
1566 3391 1636 3440 83,
1656 3391 1695 3432 2.
1726 3409 1781 3417 -
1811 3384 2102 3429 indefinitum
2132 3389 2236 3430 πῶς
2258 3385 2399 3429 etiam

305 3455 510 3510 παρέχον
541 3457 650 3510 ἡμῖν
678 3458 762 3501 τὰς
794 3457 1014 3511 ἐμφάεειε
1400 3457 1452 3500 10
1469 3454 2195 3511 coniunctionumexpletivarum
2206 3469 2400 3499 numero

249 3524 622 3586 προτακτικός
664 3526 723 3571 (16
770 3527 836 3572 eis
874 3527 1134 3582 vocalibus,
1180 3542 1302 3583 quae
1402 3527 1617 3571 habitum
1648 3529 1738 3572 est:
1771 3526 1831 3570 ad
1851 3531 1921 3583 97,
1950 3531 2127 3579 1-100,
2154 3531 2173 3569 1
2207 3527 2254 3569 10
2276 3526 2398 3569 med.

306 3594 442 3638 alteri
484 3597 765 3652 praemissae
810 3597 1154 3655 diphthongum
1205 3599 1304 3643 effi-
1401 3612 1433 3654 p
1464 3603 1518 3642 97

1303 3829 1355 3889 Ρ

247 3955 281 4011 ζ)
311 3962 571 3995 consonans
608 3955 677 4004 11,
708 3956 735 3994 2
766 3951 814 3995 et
844 3955 882 3996 5.
924 3955 989 4005 14,
1019 3956 1057 3997 7.
1101 3958 1167 4009 15,
1201 3958 1227 3996 2
1258 3954 1307 3996 61
1351 3951 1423 4013 ῥά
1451 3951 1500 3995 10
1530 3965 1724 3997 01110610
1746 3952 2121 3997 coniunctionum
2145 3951 2398 4006 expletiva-

303 4027 347 4066 3.
379 4025 447 4074 16,
478 4027 517 4065 2.
578 4020 737 4066 littera
766 4021 1144 4067 characteristica
1174 4022 1303 4079 quin·
1405 4037 1507 4066 rum
1545 4024 1617 4068 est
1653 4028 1729 4077 97,
1763 4028 1800 4069 1.
1860 4022 1915 4066 D.
1954 4021 2167 4066 voculam
2204 4021 2255 4065 in
2292 4036 2401 4066 enu-

308 4091 386 4136 tae
415 4091 750 4148 barytonorum
781 4091 1122 4148 coniugationis
1152 4097 1220 4147 56,
1252 4099 1278 4138 2
1407 4094 1643 4139 merandis
1688 4093 1938 4151 expletivis
1981 4093 2171 4152 separat
2221 4093 2280 4138 ab
2319 4094 2397 4149 ᾰρ;
