2808 4394
1319 995 1377 1056 A

271 1110 535 1155 ablativa
565 1108 937 1154 coniunctionum
977 1106 1181 1163 species,
1219 1119 1340 1160 quae
1384 1106 1754 1160 adfirmandi
1796 1105 2016 1149 adverbia
2052 1126 2107 1142 =
2146 1106 2439 1160 ἐπιρρήματα

327 1180 375 1224 in
424 1180 543 1224 serie
585 1179 801 1224 classium
839 1176 1176 1222 coniunctionis
1215 1177 1340 1233 apud
1441 1178 1753 1231 βεβαιώεεωετ
1806 1175 1867 1221 ad
1897 1180 1972 1230 78,
2004 1181 2029 1220 3
2075 1177 2122 1232 (p
2155 1178 2241 1229 79).
2290 1179 2366 1228 85,
2402 1179 2438 1222 1.

328 1250 624 1296 Priscianum
666 1249 735 1292 111
780 1253 872 1304 931⁴
917 1248 1176 1304 invenitur,
1223 1247 1340 1290 nihil
1440 1247 1658 1304 Append.
1686 1262 1717 1303 p
1740 1251 1807 1301 27,
1834 1251 1968 1290 1—17
1991 1247 2135 1300 atque
2155 1261 2186 1303 p
2208 1250 2234 1289 8
2256 1248 2304 1289 et
2324 1250 2363 1298 9,
2386 1249 2441 1288 50

306 1308 401 1366 ‘est
435 1321 523 1365 nisi
561 1320 690 1366 aliud
729 1332 900 1364 nomen
945 1318 1116 1376 speciei
1146 1318 1339 1376 almeya-
1384 1318 1738 1363 adiectivum
1781 1330 1966 1369 nomen,
2014 1316 2236 1362 ἐπίθετον
2276 1317 2437 1369 ὄνομα,

329 1391 467 1438 tivae.
543 1404 763 1448 graecum
815 1390 1053 1448 exemplar
1098 1389 1338 1444 utriusque
1441 1388 1659 1432 definitur
1689 1394 1758 1444 34,
1781 1394 1820 1432 3.
1859 1389 1926 1431 cfr
1957 1387 2221 1431 Priscianus
2254 1386 2302 1429 in
2334 1384 2440 1430 adn.

329 1461 528 1506 nominis
588 1462 659 1505 est
708 1461 969 1518 appellatio
1015 1461 1337 1515 ἀναιρετικῶν,
1441 1459 1500 1503 ad
1523 1464 1593 1515 34,
1615 1463 1643 1502 4
1665 1460 1712 1503 et
1733 1464 1799 1513 34,
1821 1463 1975 1512 4—35,
1997 1463 2036 1502 2.
2076 1472 2131 1503 ac
2159 1457 2267 1501 vide
2298 1457 2440 1500 etiam

329 1546 423 1587 qua
460 1532 746 1576 notabantur
784 1534 842 1576 ἄν
880 1533 929 1576 et
966 1532 1074 1576 κέντ
1121 1529 1181 1574 ad
1211 1535 1280 1584 87,
1314 1535 1334 1574 1
1439 1529 1653 1586 Append.
1695 1544 1726 1586 p
1758 1534 1832 1583 28,
1865 1535 1905 1574 4.
1957 1534 2019 1573 17.
2066 1533 2134 1573 25.
2180 1533 2247 1573 33.
2292 1532 2347 1571 40
2393 1527 2442 1570 et

327 1628 379 1635 —
399 1608 466 1657 88,
490 1609 513 1646 2
537 1603 603 1658 (in
626 1603 745 1647 med.
767 1617 798 1659 p
820 1606 908 1656 88).
953 1602 1021 1646 cfr
1043 1601 1335 1646 Schoemann
1437 1616 1468 1658 p
1501 1606 1569 1655 29,
1602 1606 1642 1646 5.
1678 1605 1743 1645 15.
1778 1606 1846 1648 22.
1878 1606 1943 1644 29.
1976 1604 2031 1644 36

325 1673 488 1718 Redet.
518 1688 549 1729 p
580 1675 700 1728 218²)
1380 1672 1722 1716 admonendi
1757 1675 1894 1727 atque
1931 1671 2123 1726 petendi
2160 1669 2440 1715 coniunctio-

269 1745 595 1789 absolutum
668 1756 831 1788 ‘nomen
874 1764 929 1780 =
977 1745 1334 1797 ἀπολελυμένον
1382 1739 1387 1744 “
1436 1756 1535 1786 nes:
1566 1742 1627 1785 ad
1658 1746 1728 1798 87,
1763 1748 1784 1785 1
1820 1767 1868 1774 —
1902 1747 1972 1796 88,
2002 1747 2027 1786 2
2060 1741 2123 1797 (in
2154 1756 2186 1798 p
2218 1743 2297 1795 88)

329 1816 479 1870 ὄνομα
501 1814 627 1870 apud
649 1813 937 1858 Priscianum
960 1814 1124 1868 (ceteri
1144 1815 1334 1859 techno-
1379 1813 1680 1857 adnuendi
1709 1813 1929 1858 adverbia
1949 1833 2004 1849 =
2026 1812 2317 1867 ἐπιρρήματα
2338 1825 2440 1863 cuf-

326 1884 496 1942 graphi
533 1883 670 1928 latini
706 1884 794 1927 hac
832 1884 986 1940 specie
1027 1886 1228 1940 carent):
1275 1885 1336 1929 ad
1437 1885 1754 1930 καταθέ(εωε;
1787 1884 1848 1927 ad
1874 1889 1944 1936 78,
1976 1889 2001 1927 3
2034 1887 2082 1939 (p
2105 1883 2193 1935 79).
2224 1882 2437 1937 Append.

324 1960 394 2010 44,
427 1959 535 1999 6—7
1437 1969 1468 2010 p
1501 1959 1574 2009 23,
1604 1960 1659 1999 46
1692 1955 1836 2010 atque
1867 1969 1898 2010 p
1931 1958 1957 1997 6
1990 1955 2039 1997 et
2070 1957 2108 2007 7,
2140 1958 2194 1998 37

270 2029 540 2070 accentus
578 2024 797 2069 definitur
837 2026 885 2070 et
921 2025 968 2069 in
1014 2027 1193 2083 species
1231 2040 1336 2070 suas
1380 2025 1712 2069 adverbium
1743 2024 1961 2070 definitur
1992 2029 2059 2078 72,
2090 2029 2138 2077 4;
2184 2024 2232 2067 in
2264 2022 2441 2080 species

329 2096 554 2140 dividitur
584 2100 623 2149 6,
659 2100 772 2139 15-
791 2101 832 2151 7,
863 2101 903 2139 2.
949 2096 1018 2140 cfr
1050 2101 1143 2148 105,
1166 2103 1206 2142 3.
1242 2102 1334 2151 107,
1441 2109 1548 2140 suas
1579 2095 1806 2140 dividitur
1836 2101 1906 2150 73,
1938 2099 2093 2147 1—86‚
2128 2101 2147 2138 1

330 2171 367 2211 1.
401 2173 440 2211 3.
471 2170 692 2220 6—-111,
726 2171 752 2210 5
798 2167 847 2210 et
883 2180 1077 2223 graecus
1113 2168 1209 2214 ind.
1249 2168 1335 2212 sub
1382 2179 1671 2224 aynomen:
1704 2167 1764 2212 ad
1794 2171 1864 2221 37,
1899 2171 1922 2210 1
1954 2192 2007 2198 —
2038 2170 2109 2220 38,
2142 2170 2168 2209 5

328 2238 585 2294 προεῳδία.
630 2237 758 2281 locus
790 2239 1065 2282 accentuum
1090 2237 1338 2294 diphthon-
1384 2238 1780 2295 alphabetum.
1832 2238 1890 2282 de
1913 2236 2156 2294 alphabeti
2176 2235 2335 2292 graeci
2355 2235 2442 2279 ori-

327 2308 399 2364 gis
428 2307 778 2365 impositorum:
809 2308 928 2352 Acta
956 2307 1142 2353 Trever.
1173 2323 1204 2365 p
1229 2314 1309 2354 165
1440 2308 1547 2365 gine
1579 2308 1859 2365 disputatio:
1890 2308 1978 2352 XII
2009 2313 2048 2356 8.
2079 2307 2209 2352 XXII
2240 2311 2308 2354 39.
2337 2305 2441 2350 LIV

269 2377 627 2432 accidentia,
673 2380 1006 2434 παρεπόμενα,
1052 2379 1229 2423 nomini
1267 2386 1336 2435 24,
1442 2384 1511 2424 43.
1542 2379 1775 2424 Addenda
1803 2378 2015 2423 LXXVII
2050 2384 2101 2423 13

328 2452 376 2502 63
411 2449 555 2492 verbo
585 2453 654 2503 46,
689 2454 740 2502 53
769 2449 1017 2506 participio
1050 2454 1118 2504 60,
1140 2456 1187 2504 33
1222 2450 1335 2494 arti·
1382 2449 1714 2494 Ammonius
1762 2449 2027 2494 Hermiae
2076 2449 2123 2494 in
2175 2446 2441 2492 Aristotelis

260 2536 263 2537 ⁷
329 2518 432 2563 culo
464 2524 548 2574 62s
567 2524 612 2571 13
643 2519 910 2576 pronomini
940 2524 1008 2574 64,
1043 2525 1081 2567 1.
1138 2519 1335 2564 indecli-
1412 2521 1830 2578 ·int·erpretatione
1853 2521 2000 2565 utitur
2021 2520 2264 2575 Dionysio:
2288 2519 2349 2562 ad
2370 2532 2440 2562 ar-

327 2589 567 2634 nabilibus
598 2590 823 2634 orationis
842 2591 1056 2647 partibus
1076 2591 1339 2636 accidentia
1438 2591 1500 2635 tis
1531 2592 1882 2649 inscriptionem
1911 2606 1942 2648 p
1974 2598 2000 2638 3
2031 2591 2091 2635 ad
2122 2597 2163 2646 9,
2196 2596 2236 2635 6.
2265 2595 2334 2643 60,
2356 2594 2436 2632 2-

327 2672 420 2703 non
461 2661 794 2706 enumerantur
832 2660 879 2705 in
918 2662 1019 2706 arte
1049 2661 1338 2718 Dionysiana
1438 2668 1480 2707 3.
1509 2667 1579 2717 85,
1613 2668 1637 2707 2
1670 2662 1892 2720 (emend.)

270 2731 596 2775 accusativi
639 2744 773 2775 casus
816 2732 1004 2776 nomine
1049 2732 1143 2776 iam
1188 2732 1336 2777 Varro
1381 2747 1587 2789 anceps
1615 2734 1815 2791 syllaba,
1850 2736 1984 2788 κοινὴ
2016 2733 2242 2788 ευλλαβή,
2272 2732 2325 2775 fit
2345 2744 2440 2774 mo·

330 2815 439 2844 usus
485 2803 556 2844 est
600 2800 876 2856 videturque
915 2816 1163 2858 perversae
1201 2803 1335 2847 huius
1439 2805 1509 2847 dis
1538 2805 1711 2859 tribus,
1743 2810 1814 2859 20,
1843 2809 1870 2847 4
1900 2830 1954 2836 —
1985 2808 2055 2859 22,
2089 2808 2115 2846 2

328 2870 734 2928 interpretationis
763 2873 923 2928 graeci
952 2873 1152 2917 nominis
1174 2876 1337 2918 auctor
1380 2876 1673 2931 ancipites
1701 2876 1896 2929 vocales,
1935 2875 2125 2929 δίχρονα
2156 2874 2435 2928 φωνήενταε

327 2955 447 2992 esse3
508 2942 755 2986 Armenius
809 2943 920 2987 artis
963 2943 1197 3000 interpres
1250 2959 1336 2989 nec
1441 2951 1506 2999 10,
1531 2951 1569 2990 2.
1620 2946 1876 3002 disputatio
1908 2945 1966 2989 de
2000 2945 2235 2989 vocalibus
2265 2945 2441 3002 ancipi-

325 3012 477 3054 minus
516 3011 656 3067 Syrus
694 3013 956 3068 αἰτιατικὴν
988 3019 1170 3058 πτῶειν
1207 3017 1334 3060 recte
1437 3016 1565 3061 tibus
1594 3017 1685 3060 arti
1707 3016 2021 3072 Dionysianae
2053 3017 2288 3070 adiuncta,
2318 3030 2439 3071 quae

324 3081 587 3125 transtulit:
622 3083 682 3127 ad
713 3090 780 3138 32,
814 3090 833 3128 l
868 3086 916 3129 et
936 3083 1054 3128 Add.
1078 3083 1335 3130 LXXXVII
1437 3088 1581 3132 etiam
1626 3090 1675 3130 in
1719 3088 1906 3131 Arcadii
1951 3089 2071 3132 libro
2116 3088 2199 3131 XX
2246 3087 2438 3143 legitur:

327 3157 381 3196 25
1435 3158 1609 3202 XXVII
1641 3164 1694 3204 37
1712 3185 1763 3191 --
1781 3159 1979 3202 XXVIII
1999 3164 2037 3205 8.
2076 3159 2177 3202 XLI
2199 3164 2237 3206 2.
2283 3158 2363 3202 LV
2385 3164 2440 3203 30

269 3225 522 3269 activum
553 3239 695 3282 yewus
727 3227 860 3271 verbi
882 3228 939 3271 -et
967 3227 1191 3284 nominiS,
1226 3227 1333 3274 vide
1380 3230 1703 3274 anecdoton
1733 3230 2171 3285 Hamburgense
2203 3229 2261 3273 de
2292 3228 2438 3273 nomi—

327 3295 539 3350 ἐνέργεια
1437 3315 1546 3344 num
1578 3300 1759 3357 figuris:
1795 3301 1855 3344 ad
1887 3306 1955 3354 29,
1988 3307 2015 3344 5

273 3370 478 3411 acutus
506 3372 718 3413 accentus
738 3367 957 3412 definitur
977 3373 1017 3425 6,
1045 3373 1110 3413 15.
1157 3369 1214 3414 de
1235 3370 1333 3415 eius
1378 3371 1714 3415 animalium
1746 3384 1934 3415 voces:
1965 3374 2072 3427 περὶ
2094 3375 2276 3426 φωνῶν
2297 3373 2438 3427 ζῲων

326 3435 440 3479 locis
473 3443 567 3491 107,
600 3443 783 3493 6-109,
816 3444 842 3482 5
1435 3442 1666 3486 tractatus
1695 3441 1868 3485 XXVII
1900 3447 2069 3486 31-—35

270 3507 620 3564 acyroloyia.
665 3509 930 3554 dissertatio
970 3513 1078 3566 περὶ
1110 3512 1332 3567 ἀκυρολο-
1377 3512 1645 3567 anonymi
1675 3512 2042 3569 grammatici
2063 3512 2272 3568 graeci.
2313 3513 2436 3555 Ano-

325 3577 428 3629 γία(
460 3590 489 3620 a
520 3577 805 3623 Boissonado
837 3580 988 3625 edita:
1020 3581 1151 3625 XVII
1182 3588 1236 3626 22
1431 3597 1599 3638 nymus
1630 3586 1764 3639 περὶ
1796 3584 2126 3639 ποεότητοε
2157 3584 2205 3626 in
2228 3584 2435 3627 Crameri

264 3647 340 3690 ad
377 3648 612 3703 aliquid
647 3649 863 3694 dictum
900 3664 1064 3696 nomen
1093 3673 1148 3690 =
1180 3653 1330 3708 ὄνομα
1433 3653 1687 3698 Anecdotis
1728 3652 2068 3698 Oxoniensibus
2109 3655 2174 3698 II:
2223 3653 2283 3698 ad
2323 3653 2435 3697 artis

328 3718 450 3773 πρός
482 3732 526 3762 τι
556 3721 664 3774 ἔχον
695 3720 755 3764 ad
785 3726 855 3775 35,
884 3728 923 3766 3.
962 3723 1177 3780 Append.
1208 3738 1240 3780 p
1262 3729 1329 3778 32,
1429 3723 1781 3779 inscriptionem
1812 3739 1843 3781 p
1876 3731 1915 3769 3.
1947 3725 2006 3769 ad
2039 3730 2107 3779 26,
2129 3730 2254 3769 5-6.
2308 3729 2377 3778 45,
2411 3730 2433 3767 1

323 3792 492 3833 27—53
1433 3796 1481 3839 et
1514 3799 1553 3841 2.
1598 3794 1691 3837 ind.
1722 3809 1792 3851 gr.
1825 3795 1909 3838 sub
1945 3797 2096 3840 Ἰλέως
2127 3810 2157 3851 p
2184 3800 2262 3839 153
2293 3794 2366 3838 col
2397 3795 2431 3847 Ι,

265 3858 338 3902 ad
394 3859 626 3915 aliquid
683 3860 1084 3915 quodammodo
1142 3868 1327 3909 atten-
1430 3879 1463 3911 s.
1484 3866 1864 3918 μετουειαετικόν
1886 3880 1916 3920 p
1938 3870 2016 3910 159
2035 3866 2103 3910 col
2128 3867 2159 3909 Ι.
2180 3896 2230 3901 -
2250 3866 2435 3920 Anony-

323 3928 484 3973 denti
493 3943 524 3973 a
552 3930 621 3974 vel
649 3931 807 3974 taliter
826 3933 1026 3987 qualiter
1044 3948 1090 3978 se
1111 3935 1325 3979 habentia
1427 3949 1532 3978 mus
1561 3938 1692 3990 περὶ
1713 3938 1779 3991 ῥή
1793 3950 1966 3989 ματος
1987 3937 2036 3979 in
2058 3936 2265 3981 Crameri
2286 3937 2433 3980 Anee-

319 4000 806 4054 ποιηίηατ-ιόνόματα
832 4002 897 4046 ὡς
919 4005 1036 4057 πρό(
1056 4017 1103 4049 τι
1125 4006 1320 4059 ἔχονται
1428 4004 1549 4049 dotis
1580 4005 1800 4050 Parisinis
1831 4006 1919 4049 IV:
1953 4007 2121 4060 ad·14,
2152 4012 2192 4050 8.
2225 4032 2275 4038 --
2308 4008 2432 4050 Ano-

321 4068 382 4112 ad
412 4074 479 4124 35,
510 4074 549 4114 4.
581 4071 797 4127 Append.
829 4077 897 4126 33,
933 4078 1067 4118 1-26
1424 4090 1592 4131 nymus
1622 4075 1723 4121 cod.
1756 4076 2103 4121 Barocciani
2135 4081 2214 4120 167
2245 4075 2335 4121 AO
2367 4077 2432 4120 III
