2808 4394
343 259 440 311 168

399 396 437 433 3.
472 392 600 439 *106,
632 391 669 427 ’2.
704 386 834 437 *109,
867 389 904 426 6.
938 384 1068 435 *110,
1101 388 1126 426 2
1148 385 1196 426 et
1216 389 1254 427 3.
1288 383 1400 427 *πε-

401 458 691 513 ριςπώμενος
722 455 862 498 τόνος
889 458 982 507 107,
1007 459 1043 498 3.
1079 453 1401 508 *περιςπώμε-

399 543 483 572 νον
515 527 663 578 ὄνομα
701 530 792 577 110,
828 530 862 570 1.
900 529 992 578 109,
1023 528 1062 567 6.
1110 526 1403 580 περιςπωμέ-

398 613 498 642 νων
544 596 772 651 ῥημάτων
825 594 1069 639 verborum
1116 609 1235 650 quae
1282 608 1405 638 nune

402 668 642 712 eontracta
675 678 895 710 vocamus
957 670 1024 720 57,
1058 670 1096 713 5.
1130 671 1198 722 59,
1232 671 1257 709 4

340 754 611 809 περιςςεύω,
642 751 867 806 περιςςός,
901 751 952 794 ἐκ
975 755 1192 806 περιςςοῡ
1217 751 1273 794 de
1298 764 1402 794 eon-

398 823 711 868 iunetionibus
757 820 1026 876 expletivis:
1076 821 1136 864 ad
1180 826 1233 864 97
1246 856 1255 875 ,
1306 826 1327 864 1
1353 846 1405 853 —-

403 901 494 948 100,
533 899 551 936 1

343 968 367 994 ’⁴⁸
385 967 562 1019 Πέτρος
603 963 868 1019 exemplum
899 963 1097 1007 nominis
1127 958 1407 1018 paroxytoni

404 1042 499 1090 109,
531 1041 557 1079 3

345 1104 652 1154 πευστικὸν
691 1106 840 1159 ὄνομα
874 1105 1023 1149 altera
1053 1105 1307 1162 appellatio
1340 1106 1410 1149 est

401 1177 599 1222 nominis
627 1178 980 1231 ἑρωτηματικοῦ
1003 1181 1071 1229 39,
1094 1181 1128 1222 1.
1168 1175 1279 1219 item
1303 1190 1411 1220 πευ-

402 1251 560 1294 ςτικὸν
604 1247 697 1304 (vel
733 1246 1041 1300 πυςματικόν)
1083 1245 1314 1301 ἐπίρρημα
1350 1246 1413 1289 al-

407 1322 558 1364 terurn
578 1331 747 1362 nomen
769 1320 872 1360 erat
893 1316 1219 1360 adverbiorum
1239 1317 1415 1372 ἐρωτή-

407 1405 538 1436 ςεως.
571 1388 795 1433 utebatur
817 1386 1051 1431 adieetivo
1070 1386 1129 1430 ad
1147 1387 1415 1432 denotanda

405 1463 476 1507 τίς
498 1465 632 1505 ποῖος
654 1460 801 1503 πόθεν
824 1462 928 1502 πῶς
951 1457 1122 1502 similia
1144 1457 1415 1515 Apollonius

413 1530 636 1588 Dyscolus
658 1530 799 1583 atque
823 1528 980 1582 etiam,
1012 1529 1064 1571 ut
1090 1527 1288 1583 videtur,
1323 1528 1414 1572 He-

410 1602 651 1646 rodianus:
687 1599 791 1644 vide
824 1599 884 1644 ad
914 1599 943 1644 l.
975 1599 1005 1643 l.
1040 1601 1088 1643 et
1118 1599 1175 1642 ad
1208 1604 1275 1652 83,
1311 1605 1335 1642 2
1368 1601 1416 1644 et

407 1674 491 1718 sub
524 1672 880 1727 ἑρωτηματικόν

350 1765 415 1815 πῇ
448 1757 743 1802 indefinitum
775 1755 918 1800 etiam
939 1756 987 1798 in
1009 1755 1414 1800 coniunctionibus

408 1828 655 1885 expletivis
678 1827 882 1884 positum
906 1828 994 1871 est:
1029 1826 1089 1871 ad
1111 1831 1178 1880 97,
1209 1831 1225 1869 1
1250 1852 1297 1858 —
1320 1832 1419 1881 100,

410 1906 429 1943 1
465 1900 511 1942 in
542 1899 663 1943 med.
696 1913 725 1954 p
759 1903 812 1942 97
1266 1907 1275 1915 “

353 1969 597 2027 πήγνυμι
620 1966 886 2025 exemplum
911 1969 1108 2022 quartae
1131 1967 1416 2024 coniugatio-

409 2042 479 2085 nis
527 2041 781 2085 verborum
821 2040 869 2082 in
908 2045 954 2092 ιῒι
992 2038 1307 2083 desinentium
1346 2045 1416 2093 59,

415 2119 477 2155 10.
518 2113 710 2167 πέπηγα
742 2123 811 2158 ex,
829 2109 974 2153 medii
1007 2110 1253 2154 verborum
1283 2123 1418 2166 gene-

412 2183 472 2226 ris
503 2188 573 2237 49,
605 2188 629 2225 2

356 2251 581 2311 πηγνύω
643 2268 711 2300 ex.
773 2253 1022 2296 verborum
1082 2253 1418 2308 barytonorum

414 2326 574 2368 sextae
621 2322 982 2380 coniugationis‚
1030 2337 1086 2367 ex
1131 2323 1299 2378 quibus
1338 2323 1418 2366 du-

415 2397 583 2439 cuntur
614 2394 759 2438 verba
788 2394 835 2437 in
868 2401 944 2448 υμι
976 2393 1236 2438 desinentia
1266 2399 1334 2446 59,
1368 2399 1420 2438 10

358 2467 639 2522 Πηλειάδιος
656 2465 1031 2522 patronymicum
1049 2466 1208 2508 fictum
1220 2479 1275 2509 ex
1293 2478 1419 2509 more

416 2537 633 2581 Aeolum:
666 2537 726 2579 ad
756 2542 825 2590 26,
857 2543 881 2580 2

365 2609 642 2668 Πηλείδης
674 2608 940 2662 exemplum
971 2607 1282 2663 patronymiei
1304 2612 1371 2660 25,
1395 2612 1420 2650 9

361 2677 596 2735 πηλίκος
638 2678 900 2733 exemplum
933 2676 1134 2720 nominis
1163 2678 1419 2733 interroga-

418 2750 506 2792 tivi
537 2755 606 2804 39,
639 2755 662 2792 2

364 2821 565 2876 πηνίκα
598 2820 862 2875 exemplum
892 2819 1219 2864 adverbiorum
1240 2821 1425 2875 tempus

420 2891 601 2934 finitum
634 2890 996 2945 significantium
1031 2895 1104 2944 74,
1138 2896 1175 2934 2.
1245 2904 1313 2935 ex,
1345 2890 1423 2933 ad·

425 2960 690 3004 verbiorum
721 2960 1104 3017 interrogationis
1135 2966 1203 3009 83,
1238 2968 1262 3004 2

364 3049 563 3093 πίπτω.
613 3048 670 3091 τὸ
713 3047 807 3090 ὑπὸ
847 3049 937 3101 τὴν
976 3051 1137 3101 κτῆςιν
1170 3046 1423 3090 πεπτωκὸς

421 3117 591 3160 dieitur
623 3130 793 3160 nomen
823 3116 1136 3172 possessivum
1168 3121 1235 3170 26,
1268 3122 1291 3160 7

367 3200 662 3258 Πιττακός.
712 3203 861 3257 ’Ύρρα
892 3205 980 3256 γὰρ
1013 3207 1118 3246 παῖς
1152 3204 1176 3246 ό
1207 3203 1267 3245 Π.
1301 3207 1368 3256 26,
1400 3208 1425 3246 3

425 3274 504 3315 nbi
536 3273 746 3329 disputat
777 3273 833 3315 de
866 3272 1200 3329 patronymieis

370 3344 555 3387 πλάςςω
582 3343 847 3399 exemplum
870 3345 1067 3398 quartae
1090 3344 1425 3399 barytonorum

425 3413 763 3469 coniugationis
776 3414 899 3469 apud
912 3413 1200 3458 Priscianum
1211 3415 1281 3468 (et
1292 3413 1425 3459 Clau-

427 3484 555 3528 dium
578 3485 859 3540 Didymum‘?
886 3487 932 3528 et
952 3484 1294 3541 Dionysium?):
1321 3484 1425 3528 vide

427 3557 487 3599 acl
518 3561 585 3609 56,
626 3561 642 3598 1

370 3628 668 3682 πλατύτερον
738 3626 794 3669 de
864 3626 1153 3682 expositione
1214 3626 1426 3671 uberiore

427 3697 596 3740 XXXV
628 3701 680 3740 37

370 3769 579 3811 Πλάτων
618 3768 882 3824 exemplum
922 3763 1125 3812 nominis
1158 3767 1334 3825 proprii
1379 3769 1427 3811 in

430 3838 554 3882 ssTb
589 3839 636 3881 et
666 3838 851 3882 scholiis
883 3843 950 3893 24,
985 3844 1023 3892 5,
1055 3840 1123 3882 esr
1154 3839 1213 3883 ad
1245 3845 1313 3893 33,
1344 3844 1368 3881 6

375 3923 740 3969 Πλατωνικὸν
778 3923 953 3977 βιβλίον
986 3923 1250 3979 exemplum
1282 3925 1427 3967 nomi-

430 3995 499 4037 nis
529 3994 773 4050 possessivi
804 3999 871 4048 27,
902 3999 927 4037 2

377 4060 652 4111 πλειόνων
681 4069 749 4119 41,
782 4070 805 4108 2

1012 240 1472 301 ΠεΡιςΠεὲΜεΝος
1501 282 1546 288 -
1569 242 1838 303 ΠοιΗτΗς

1448 383 1635 430 πλέκω
1681 384 1948 441 exemplum
1986 388 2216 431 secundae
2255 380 2507 443 barytono-

1505 469 1607 497 rum
1639 455 1982 511 coniugationis
2013 460 2082 508 55,
2114 463 2139 500 2

1450 526 1721 570 πλεονάζειν
1743 525 1800 569 de
1823 526 2221 571 coniunctionibus
2239 528 2506 583 expletivis:
2550 540 2554 542 ’

1507 595 1568 640 ad
1599 601 1667 648 97,
1702 601 1723 638 1
1752 621 1797 627 —
1828 602 1921 651 100,
1957 603 1976 640 1

1451 666 1762 712 πλευστέον
1794 666 2060 724 exemplum
2082 667 2413 713 adverbiorum
2435 674 2508 715 θε·

1507 742 1654 782 τικῶν
1685 741 1754 792 85,
1788 744 1812 781 2

1450 807 1602 854 πλέω
1634 821 1703 855 ex.
1735 809 1893 853 sextae
1924 809 2261 865 barytonorum
2293 810 2513 867 coniuga-

1506 878 1647 923 tionis
1680 884 1749 935 57,
1788 887 1805 922 1

1452 952 1677 1006 πλῆθος
1707 955 1778 1003 40,
1809 956 1835 994 4

1454 1018 1840 1078 πληθυντικὰς
1878 1022 2070 1077 ἀριθμός
2107 1035 2325 1068 numerus
2348 1024 2515 1080 plura-

1512 1091 1569 1135 lis
1599 1096 1668 1145 30,
1691 1096 1731 1136 5.
1771 1097 1900 1146 31,1.
1933 1096 2000 1146 51,
2025 1097 2049 1135 ε).
2081 1093 2128 1136 et
2157 1099 2197 1136 3.
2236 1097 2346 1148 †62‚
2369 1100 2411 1141 3.
2445 1099 2514 1148 62,

1511 1166 1552 1205 4.
1586 1165 1653 1215 67,
1689 1167 1710 1205 1
1741 1162 1790 1206 et
1810 1166 1849 1207 2.
1900 1165 2207 1218 πληθυντικοὶ
2230 1169 2516 1221 χαρακτῆρες

1512 1236 1691 1286 formae
1737 1233 1975 1278 nominum
2026 1234 2299 1289 plurativae
2348 1239 2427 1290 31,
2478 1241 2517 1280 3.

1515 1306 1847 1359 πληθυντικῶν
1886 1303 1944 1347 de
1975 1304 2239 1348 nominibus
2271 1306 2320 1348 et
2348 1318 2519 1362 prono·
2562 1353 2565 1357 ,

1517 1373 1719 1417 minibus
1750 1373 1931 1418 numeri
1955 1374 2152 1430 pluralis
2169 1381 2237 1430 69,
2256 1381 2294 1420 3.
2334 1376 2517 1432 *Πληθ.

1515 1444 1544 1487 i.
1577 1458 1615 1491 e.
1650 1445 1944 1500 πληθυντικά
1979 1449 2056 1488 125
2089 1445 2108 1490 Ι
2145 1451 2336 1490 15-132
2367 1447 2434 1490 III
2465 1452 2519 1492 28

1515 1515 1701 1571 saepius

1459 1583 1666 1642 πλήθω
1697 1585 1962 1641 exemplum
1995 1586 2162 1631 tertiae
2185 1588 2522 1644 barytonorum

1519 1655 1861 1713 coniugationis
1894 1662 1963 1712 55,
1997 1664 2021 1702 3

1462 1743 1688 1798 *πλήρεις
1721 1742 1861 1787 πόδες
1904 1747 2010 1797 124,
2041 1748 2084 1787 4.
2133 1768 2185 1775 —
2230 1745 2282 1788 ἐκ
2312 1745 2522 1799 πλήρους

1516 1812 1698 1868 positae
1741 1812 1956 1857 dicuntur
1986 1814 2335 1859 coniunctiones
2367 1814 2522 1871 exple·

1517 1883 1670 1928 livae:
1703 1883 1764 1927 ad
1795 1888 1862 1939 97,
1899 1889 2106 1949 1—100,
2144 1892 2162 1930 1

1464 1971 1758 2029 πληροῦσα
1790 1975 1857 2024 86,
1888 1975 1915 2013 4
1951 1970 2000 2013 in
2039 1970 2175 2015 codd.
2214 1970 2526 2015 deterioribus

1521 2041 1568 2084 et
1600 2039 1719 2090 edd.,
1753 2053 1872 2095 quae
1903 2040 2043 2084 lectio
2069 2040 2256 2085 videtur
2275 2041 2436 2086 invitis
2457 2043 2524 2086 te-

1523 2112 1672 2156 stibus
1717 2111 1990 2155 melioribus
2028 2110 2250 2168 Dionysio
2289 2112 2528 2158 reddenda

1522 2195 1619 2226 esse

1465 2248 1738 2310 πλούσιος
1783 2253 2047 2310 exemplum
2086 2253 2432 2306 adieetivorum⁴
2463 2254 2524 2298 ab

1520 2323 1660 2367 rebus
1692 2322 1978 2367 extrinsecus
2009 2323 2330 2369 accidentibus
2361 2324 2526 2369 dueto-

1523 2408 1625 2437 rum
1657 2399 1724 2447 35,
1756 2399 1781 2437 2

1465 2480 1703 2535 πνεῦμα.
1754 2481 2022 2533 πνεύματος
2063 2482 2223 2526 ἕνεκεν
2259 2481 2528 2536 respirandi

1521 2550 1676 2605 qratia
1698 2555 1735 2604 7,
1757 2554 1797 2594 5.
1829 2559 1850 2580 *
1865 2555 2050 2604 πνεῦμα
2071 2552 2266 2606 spiritus
2286 2543 2406 2596 vocis
2430 2556 2523 2606 107,

1525 2628 1550 2665 2
1583 2621 1630 2663 et
1660 2626 1687 2665 4

1466 2690 1652 2739 πόθεν
1682 2692 1946 2748 exemplum
1980 2692 2309 2742 adverbiorum
2333 2693 2528 2738 interro-

1525 2762 1728 2819 gationis
1760 2768 1828 2816 83,
1861 2769 1886 2807 2

1470 2835 1581 2879 ποθί
1621 2833 1763 2878 etiam
1802 2835 1924 2878 inter
1954 2834 2302 2879 coniunctiones
2333 2835 2528 2892 expleti·
2573 2875 2577 2878 .

1528 2919 1608 2948 vas
1639 2906 1936 2949 numeratum
1970 2907 2060 2950 est:
2096 2904 2156 2949 acl
2177 2911 2246 2961 97,
2274 2910 2479 2961 1-100,
2509 2913 2523 2950 1

1525 2976 1572 3020 in
1605 2976 1724 3020 med.
1756 2991 1787 3033 p
1818 2982 1871 3020 97

1469 3061 1660 3109 ποιέω.
1729 3062 2015 3118 ἐποιηςάμην
2073 3062 2338 3119 exemplum
2388 3063 2531 3108 medii

1528 3133 1774 3177 verborum
1805 3134 1989 3188 generis
2019 3138 2088 3188 49,
2112 3139 2151 3180 2.
2185 3158 2236 3166 —-
2270 3134 2527 3189 πεποιημέ-

1529 3218 1613 3248 νον
1654 3203 1804 3257 ὂνομα
1845 3202 1948 3246 vide
1989 3204 2076 3247 sub
2108 3205 2443 3260 πεποιημένον.
2476 3229 2530 3236 --

1527 3275 1728 3329 ποιηθέν
1779 3274 2038 3318 derivatum
2088 3281 2156 3328 29,
2212 3279 2250 3318 1.
2302 3299 2357 3305 -
2407 3279 2529 3319 ποιῶ

1528 3344 1793 3400 exemplum
1831 3345 2011 3401 primae
2044 3346 2293 3391 verborum
2324 3345 2531 3390 contrae—

1528 3417 1682 3459 torum
1707 3415 2048 3471 coniugationis
2071 3415 2197 3472 apud
2215 3414 2532 3460 Herodianum

1528 3486 1740 3540 aliosque
1771 3487 2103 3541 grammaticos
2126 3486 2349 3542 Dionysio
2380 3487 2532 3543 poste-

1528 3560 1692 3600 riores:
1728 3555 1786 3599 ad
1819 3561 1886 3610 58,
1912 3562 1936 3598 2

1472 3643 1685 3699 ποίημα
1707 3640 1971 3696 exemplum
1992 3641 2192 3685 nominis
2213 3643 2398 3698 generis
2420 3655 2531 3686 neu-

1531 3712 1646 3757 trius
1684 3715 1753 3766 62,
1788 3716 1826 3754 2.
1879 3736 1927 3742 ——
1976 3713 2229 3769 usurpatur
2270 3713 2530 3767 ποιήματος

1529 3790 1569 3836 8,
1601 3788 1643 3827 4.
1694 3783 1932 3836 ποιήματα
1963 3787 2001 3835 8,
2034 3788 2072 3827 6.
2121 3784 2401 3839 ποιημάτων
2431 3789 2471 3835 6,
2504 3791 2530 3828 2

1527 3854 1576 3898 et
1605 3858 1630 3897 5

1472 3923 1693 3982 ποίησις
1739 3937 1809 3967 ex.
1851 3924 2047 3967 nominis
2095 3922 2280 3980 generis
2320 3923 2532 3968 feminini

1531 3999 1603 4050 62,
1636 4000 1675 4038 2.
1711 4019 1759 4025 ——
1793 3997 1989 4050 >mptum
2020 3994 2205 4051 ποίηςιν
2236 4000 2276 4049 6,
2314 3999 2363 4038 10
2522 4049 2526 4052 .

1474 4060 1707 4122 ποιητής
1745 4079 1814 4109 ex,
1846 4065 2044 4110 nominis
2075 4063 2256 4121 generis
2288 4063 2532 4109 masculini
