2814 4400
873 287 962 342 nn
983 297 1275 342 SVPPLEM.
1303 281 1444 344 Περί
1468 292 1823 346 ΠΡοςΩιΔιςΞΝ
2285 304 2427 348 xmx

32 415 98 507 ‘32‘
126 395 128 397 >
166 398 174 402 l
256 425 566 499 ’Διονύςιος
603 425 701 480 οὐκ
738 426 847 480 ἀπὸ
872 430 982 481 τῶν
1006 425 1327 491 γραμμάτων
1354 425 1494 494 (vide
1519 443 1679 495 supra
1704 445 1737 496 p
1764 426 1921 480 XXII
1946 428 2015 481 39
2044 458 2102 467 —-
2134 427 2314 481 XXIII
2336 431 2428 502 29)

279 512 312 576 ἢ
348 513 443 575 τῆς
476 512 776 581 προςῳδίας
808 511 1003 576 ἤρξατο
1040 509 1159 563 ἀλλ’
1198 509 1306 564 ἀπὸ
1343 513 1440 564 τοῦ
1467 510 1602 575 ὅρου
1632 515 1723 576 τῆς
1747 516 2114 578 γραμματικῆς.
2144 514 2428 568 Θεοδόςιος

177 627 185 634 ·
283 594 315 648 6
352 595 728 661 Ἀλεξανδρεὺς
766 595 875 649 ἀπὸ
901 595 1044 648 Θεοῦ
1069 595 1263 659 ἤρξατο
1290 594 1396 664 (cfr
1420 611 1580 663 supra
1603 613 1638 663 p
1662 594 1819 654 XXII
1851 597 1914 648 10
1938 601 1991 649 et
2020 598 2105 667 16)
2118 638 2134 667 ,
2174 598 2288 653 εἶτα
2311 600 2430 664 περὶ

281 684 613 749 προςῳδιῶν.
663 680 811 747 ἡμεῖς
866 680 926 732 δὲ
975 678 1028 734 ἐξ
1074 678 1407 744 Ἡρωδιανοῦ
1453 679 1790 744 ἐκλεξάμενοι
1836 681 1944 734 ἀπὸ
1992 686 2083 747 τῆς
2130 685 2431 753 προςῳδίας

236 777 259 810 ⁵
280 764 575 830 ἀρξώμεθα,
615 763 844 833 denique
876 779 1010 831 quae
1034 762 1352 831 Anonymus
1390 763 1585 816 codicis
1609 763 1938 816 Matritensis
1964 764 2244 819 LXXXIII
2261 767 2339 820 fol
2362 769 2432 821 55

278 845 478 914 (Iriart.
505 867 541 917 p
567 849 689 914 314)
727 847 936 901 scribit:
974 845 1136 900 οὗτος
1175 847 1206 899 ὁ
1232 848 1519 902 Διονύςιος
1556 848 1818 920 ἀγράφως
1855 849 2075 915 ἀςκήςας
2100 854 2194 917 τὴν
2220 853 2430 921 τέχνην,

279 931 566 1000 ἐγγράφως
602 938 819 1000 πρῶτος
856 930 1131 1000 ἐξέδωκεν,
1170 933 1270 986 οὐκ
1306 933 1364 986 ἐκ
1400 932 1704 1001 προςῳδίας
1742 933 2047 999 ἀρξάμενος,
2087 936 2204 988 ἀλλ’
2241 936 2298 990 ἐκ
2333 940 2429 990 τοῦ

279 1016 413 1083 ὅρου
466 1021 559 1084 τῆς
615 1019 985 1084 γραμματικῆς.
1031 1006 1323 1071 ’Θεοδόςιος
1369 1019 1429 1071 δὲ
1477 1017 1508 1070 ὁ
1564 1017 1937 1084 Ἀλεξανδρεὺς
1992 1021 2428 1086 μεταγενὲςτερος

278 1101 471 1169 ἐφάνη.
532 1101 680 1171 Ergo
709 1119 973 1154 canonum
996 1100 1348 1154 nominalium
1373 1104 1427 1154 et
1451 1101 1743 1155 verbalium
1768 1105 2036 1155 auctorem
2061 1102 2200 1156 hunc
2225 1122 2432 1173 quoque

218 1203 260 1235 ιο
279 1185 646 1255 prosodiarum
699 1188 987 1239 tractatum
1025 1184 1303 1238 'addidisse
1366 1188 1520 1239 erant
1575 1187 1664 1255 qui
1721 1190 2025 1255 censerent,
2086 1187 2245 1256 idque
2295 1189 2428 1256 ide0‚

278 1271 486 1339 opinor,
524 1269 649 1340 quia
683 1270 815 1323 illud
851 1271 1270 1324 vetustissimum
1305 1270 1433 1324 artis
1460 1271 1889 1339 supplementum
1915 1275 2301 1341 composuerat.
2359 1275 2433 1326 At

214 1378 233 1387 ‘
277 1354 369 1408 alii
387 1355 777 1424 Gregorium
797 1355 1049 1409 dicebant
1063 1358 1331 1409 auctorem
1351 1372 1481 1425 esse,
1511 1355 1575 1408 de
1594 1356 1784 1425 quibus
1803 1357 1977 1409 verbis
1998 1355 2078 1410 Os
2091 1374 2294 1410 annus
2314 1362 2435 1427 post

276 1437 847 1508 Pseudophilemonem
893 1459 929 1511 p
962 1442 1068 1495 304
1119 1441 1230 1511 (hic
1268 1441 1412 1494 enim
1456 1440 1658 1510 primus
1704 1441 1880 1495 locum
1917 1459 1980 1495 ex
2015 1441 2259 1495 Parisino
2294 1443 2433 1497 2603

278 1522 513 1596 edidit):·
535 1524 844 1595 Sequentia,
900 1525 1100 1596 inquit,
1147 1527 1378 1580 videlicet
1420 1530 1668 1594 corrupta
1715 1529 1847 1580 satis
1893 1544 2009 1580 cum
2054 1547 2090 1581 a
2137 1545 2216 1582 me
2254 1529 2432 1595 fatear

214 1626 256 1660 ιε
269 1626 472 1677 parum
515 1609 742 1679 intelleyi
752 1651 769 1679 ,
814 1615 872 1665 ut
915 1612 1024 1665 nisi
1066 1612 1403 1666 temerariam
1450 1612 1739 1679 eorriyendi
1784 1612 2050 1665 libidinem
2095 1629 2256 1666 ausus
2311 1630 2432 1680 quo·

198 1738 202 1742 .
275 1694 424 1748 modo
459 1711 638 1748 sanem
674 1697 907 1763 equidem
929 1713 1038 1749 non
1061 1696 1294 1764 habeam,
1331 1697 1503 1749 satius
1530 1696 1660 1749 duxi
1682 1696 1902 1763 fideliter
1938 1714 1964 1749 e
1999 1678 2162 1750 addice
2185 1702 2432 1766 repetere:

275 1795 392 1831 eum
427 1784 733 1847 aryumento
771 1784 964 1848 tamen,
1003 1781 1142 1848 quod
1176 1798 1251 1834 an
1288 1781 1599 1848 Greywium
1632 1778 2035 1834 Nazianzenum
2059 1799 2172 1835 vere
2209 1783 2435 1850 attinyat

276 1862 453 1916 dubito
459 1903 475 1931 ,
521 1867 641 1931 apte
686 1865 960 1919 contuleris
1003 1866 1199 1919 drama
1245 1865 1382 1919 illud
1427 1863 1668 1933 Greyorii
1701 1866 1910 1918 nomine
1944 1866 2096 1934 vulqo
2132 1867 2434 1935 inseripbmz

35 1932 50 1967 ‘³
151 1911 157 1975 ἶ
278 1947 498 2013 Χριςτὸς
535 1950 756 2016 πάςχων
768 1991 784 2019 ,
822 1950 884 2003 de
919 1955 1020 2018 quo
1058 1968 1120 2004 ea
1156 1966 1265 2018 qua
1300 1950 1425 2033 golei
1458 1950 1747 2003 eruditione
1770 1967 1938 2018 nuper
1962 1951 2204 2005 disseruit
2227 1950 2430 2005 Abrah.

111 2100 114 2102 v
211 2050 255 2083 zo
274 2030 652 2087 Eiehstadiuss
695 2034 829 2087 haec
856 2033 1108 2087 Osannus
1135 2052 1197 2088 eo
1224 2051 1326 2104 quo
1359 2033 1566 2086 solebat
1589 2034 1669 2086 uti
1694 2033 1905 2087 dicendi
1930 2052 2141 2104 genere.
2207 2035 2435 2090 Goett-

277 2115 532 2186 lingius
567 2118 624 2170 in
648 2117 983 2188 praefatione
1009 2118 1493 2172 Pseudotheodosio
1521 2118 1809 2188 praemissa
1846 2138 1880 2188 p
1906 2118 2060 2172 XVI:
2098 2121 2434 2188 corriyendus

277 2205 351 2255 est
385 2201 705 2257 Theodosius
726 2204 1066 2273 Byzantinus
1074 2203 1128 2274 *)
1165 2205 1312 2271 apud
1336 2203 1613 2258 Osannum
1638 2203 1859 2259 Philem.
1878 2222 1920 2271 p
1944 2207 2050 2257 304
2074 2208 2120 2258 et
2142 2204 2434 2259 Bekkerum

276 2286 474 2340 Aneed.
515 2305 556 2354 p
591 2291 723 2340 1141
757 2292 806 2341 et
831 2306 936 2357 pro
973 2288 1434 2352 θεολογικωτάτου
1475 2290 1507 2342 Γ
1510 2290 1765 2354 ρηγορίου
1814 2289 2081 2356 leyendum
2118 2293 2432 2354 θεολογικω-

277 2371 441 2425 τάτου
491 2373 754 2438 Γεωργίου
802 2372 1197 2444 (Choerobosei).
1291 2373 1774 2436 Θεολογικώτατος·
1814 2373 2007 2426 dicitur
2061 2373 2434 2428 Cboeroboseus

30 2436 92 2478 ”Ῑ’
115 2474 125 2525 }
211 2472 255 2505 25
269 2457 415 2524 quod
436 2457 684 2512 διάκονος
710 2461 823 2510 erat
845 2461 894 2510 et
914 2458 1260 2525 χαρτοφύλαξ
1285 2461 1333 2510 et
1356 2458 1418 2510 de
1441 2457 1594 2510 rebus
1618 2458 1910 2525 theoloyieis
1932 2459 2154 2525 scripsit.
2191 2458 2431 2511 Mauri·

276 2544 411 2594 tius
436 2540 734 2594 Schmidt
759 2545 939 2594 autem
965 2541 1156 2594 Philol.
1186 2541 1318 2594 VIII
1343 2561 1377 2611 p
1394 2541 1496 2595 243
1514 2561 1526 2594 ε
1546 2541 1680 2595 ·Von
1705 2543 1869 2596 einem
1886 2541 2096 2610 'Greyor
2122 2544 2243 2597 oder
2262 2543 2433 2612 Geor-9

275 2624 618 2700 (Ghoerobosk
627 2626 678 2694 .9)
725 2626 873 2680 kann
917 2628 1015 2680 das
1062 2627 1192 2680 blaa
1235 2626 1376 2679 nieht
1419 2627 1733 2691 berriibren,
1773 2627 1845 2695 da
1882 2626 2154 2696 Porphyr‚
2194 2629 2285 2681 der
2321 2630 2433 2682 eine

276 2714 447 2778 exeyet
478 2711 753 2780 desselben,
787 2711 971 2778 fru'her
995 2711 1075 2764 ak
1112 2711 1246 2764 diese
1277 2710 1401 2776 falli
1410 2710 1492 2780 **)
1518 2712 1633 2764 und
1655 2713 1953 2765 ausser-dem
1979 2711 2311 2777 Ghoerobosk‚
2348 2715 2434 2766 ein

3 2826 61 2874 1'
102 2764 118 2827 '2
213 2851 216 2854 ,
279 2800 499 2849 anderer
543 2796 804 2864 ausleyer,
847 2795 1077 2864 zuyleieh
1120 2799 1378 2859 versasser
1420 2797 1534 2848 und
1580 2796 1815 2863 ausleyer
1851 2800 2008 2849 ware.
2083 2797 2147 2848 ad
2196 2815 2328 2865 quae
2375 2797 2430 2849 in

219 2879 538 2932 minferiore
575 2881 817 2950 margine
854 2880 1040 2933 adicit:
1124 2878 1256 2933 Was
1302 2881 1364 2934 ὃς
1400 2880 1499 2934 κάν
1537 2881 1713 2950 τούτῳ
1756 2911 1818 2918 -—
1860 2881 2300 2947 ςυγγραψάμενος
2338 2882 2442 2948 auf
2547 2921 2550 2924 <

28 2986 48 3007 a
169 3035 174 3040 θ
277 2980 320 3017 s.
357 2967 488 3017 1141
523 2964 684 3018 Bekk.
721 2965 908 3033 heisse,
947 2967 1018 3018 ist
1050 2964 1211 3019 kaum
1246 2981 1311 3018 zu
1345 2965 1623 3018 verstehen.
1696 2964 1946 3033 Mb‘ylieb,
1985 2967 2109 3019 dass
2142 2969 2266 3019 stati
2301 2968 2432 3019 κατὰ

280 3052 542 3114 ςτοιχεῖον
578 3065 646 3103 zu
683 3050 817 3103 lesen
853 3053 986 3104 κατὰ
1024 3051 1217 3116 ςτίχον.
1300 3048 1386 3101 Er
1431 3050 1625 3102 sebrieb
1662 3050 1747 3102 ein
1783 3050 1989 3102 bierber
2025 3050 2433 3117 einseblayendes

275 3133 710 3202 yrammatisehes
745 3133 899 3187 Bueb
935 3135 996 3187 in
1031 3135 1239 3188 iamben
1254 3176 1266 3199 ,
1305 3135 1417 3187 eine
1442 3134 1784 3201 paraphrase
1816 3135 1954 3187 eines
1982 3134 2339 3202 prosaisehen,
2377 3151 2432 3187 so

283 3219 408 3272 dass
443 3235 501 3272 er
536 3209 636 3272 aus
660 3219 811 3287 jeder
844 3220 969 3273 zeile
1004 3220 1155 3272 einen
1190 3235 1302 3272 vers
1337 3218 1552 3271 maehie.
1623 3216 1697 3269 Et
1733 3217 1863 3270 haec
1901 3217 2084 3286 aporia
2119 3218 2341 3270 solvitur
2379 3222 2433 3271 et

26 3272 67 3296 ÷
160 3372 162 3374 ‚
218 3317 261 3352 ³⁶
284 3302 607 3372 Goettlingii
630 3303 858 3365 mutatio
877 3302 1141 3356 refutatur
1162 3303 1236 3356 eis
1257 3320 1391 3371 quae
1409 3301 1626 3355 exhibet
1641 3301 1901 3355 Leidense
1923 3301 2145 3354 technes
2165 3302 2432 3371 exemplar

278 3387 337 3440 in
373 3388 559 3457 primis
595 3387 823 3458 paginiS,
862 3388 982 3440 vide
1007 3406 1168 3456 supra
1202 3406 1237 3456 p
1264 3386 1421 3439 XXII
1450 3390 1496 3439 1.
1559 3385 1697 3438 unde
1732 3388 1882 3455 patet
1908 3403 2089 3439 revera
2116 3386 2430 3456 Gregorium

281 3470 699 3542 Nazianzenum,
735 3472 828 3542 qui
866 3491 1023 3542 saepe
1059 3473 1180 3527 κατ’
1217 3473 1409 3538 ἐξοχὴν
1436 3472 1694 3533 θεολόγος
1731 3470 2044 3540 appellatur,
2082 3488 2177 3539 pro
2216 3474 2429 3523 auctore

281 3556 640 3625 supplementi
685 3559 808 3623 περὶ
851 3554 1173 3628 προςῳδῑῶν
1222 3556 1463 3609 habitum
1510 3573 1639 3608 esse.
1723 3556 1806 3608 cui
1854 3555 2095 3623 opinioni
2139 3573 2267 3607 num
2314 3555 2430 3622 quis

279 3640 439 3693 fidem
476 3640 821 3694 adiuncturus
858 3643 946 3709 sit,
984 3642 1183 3695 nescio,
1268 3641 1507 3710 equidem
1555 3639 1692 3692 hanc
1742 3656 1852 3692 non
1898 3639 2070 3708 magis
2108 3638 2257 3690 flocci
2294 3637 2430 3689 facio

216 3741 260 3775 ιο
280 3743 439 3795 quam
485 3725 633 3778 illam
672 3727 1027 3797 sententiam,
1082 3744 1186 3795 qua
1237 3725 1535 3779 Theodosio
1593 3723 1956 3777 Alexandrino
2015 3722 2429 3775 additamentum

423 3939 465 3994 ὓ)
504 3937 582 3981 hie
627 3935 985 3992 Byzantinus
1027 3937 1379 3982 The·odosius
1430 3948 1524 3979 non
1568 3935 1658 3980 fuit
1698 3935 1788 3979 nisi
1823 3935 1870 3979 in
1917 3932 2211 3990 opinionibus
2256 3932 2430 3977 Osanni

283 4005 562 4064 Goettlingii
592 4020 847 4063 eorumque
878 4008 960 4064 qui
986 4008 1079 4052 illis
1109 4008 1362 4053 credidere.

397 4079 461 4132 ³¹⁸)
492 4079 667 4124 etenim
708 4077 993 4123 Schmidtius
1028 4078 1229 4136 putabat
1257 4078 1563 4135 interpretem
1592 4077 1734 4121 fuisse
1764 4074 2090 4132 philosophum
2119 4073 2426 4118 Platonicum.

369 4156 545 4198 Dionysii
569 4157 730 4191 Thracis
753 4166 815 4191 ars
840 4158 1095 4198 grammatica
1118 4157 1175 4190 ed.
1198 4156 1326 4197 Vhlig.
2063 4145 2094 4188 d
