2808 4394
397 281 496 334 174

394 404 704 464 σύμφωνον
748 405 831 449 scil
875 406 1063 461 γράμμα
1107 406 1264 451 littera
1301 419 1451 452 conso-

449 491 570 522 nans
603 482 668 530 11,
701 481 723 519 1
756 477 805 520 et
835 482 876 519 2.
909 481 974 529 14,
1007 481 1034 518 4
1068 477 1116 520 et
1146 481 1184 520 5.
1220 481 1285 533 16,
1309 483 1348 525 7,
1382 482 1449 532 18,

449 555 475 591 3
507 549 555 592 et
583 553 623 591 4.
658 552 725 602 19,
760 552 779 590 1
813 549 861 590 et
892 546 1005 590 2bis
1037 547 1085 590 et
1114 552 1153 592 3.
1184 552 1252 601 21,
1287 553 1306 590 1

394 619 498 664 σύν
526 617 814 674 praepositio
845 617 1169 672 monosyllaba
1199 622 1269 673 71,
1303 623 1343 661 2.
1392 618 1449 661 de

450 689 547 732 eius
591 687 878 743 anastropha
920 688 1030 731 vide
1077 688 1182 735 adn.
1230 689 1291 732 ad
1330 688 1451 732 hunc

449 758 618 802 locum.
686 772 794 801 usus
833 759 905 802 est
940 759 1041 814 ipse
1082 758 1327 814 Dionysius
1365 758 1453 802 hac

452 842 564 872 voce
598 841 828 883 nusquam
857 828 947 871 nisi
976 830 1024 871 in
1054 828 1265 883 synthesi

393 901 726 946 συναπτικοὶ
756 901 997 954 ςύνὸεςμοι
1019 913 1134 955 quos
1154 913 1236 943 nos
1258 899 1453 943 dicimus

448 971 785 1014 condicionales
801 975 920 1024 88,1.
938 975 1009 1025 91,
1026 975 1064 1017 2.
1086 969 1299 1014 Laertius
1316 970 1452 1027 Diog.

451 1041 538 1085 VII
568 1045 593 1093 ἕ
625 1047 698 1085 71:
744 1044 847 1084 τῶν
891 1042 941 1084 δ’
981 1042 1068 1095 οὐχ
1109 1042 1279 1086 ἁπλῶν
1318 1043 1452 1087 ἀξιω-

452 1114 616 1165 μάτων
662 1113 957 1168 ςυνημμένον
1001 1113 1084 1166 μέν
1131 1113 1253 1156 ἐςτιν
1300 1113 1386 1167 (ὡς
1425 1113 1451 1156 ὁ

447 1185 716 1239 Χρύςιππος
762 1183 814 1226 ἐν
851 1187 955 1226 ταῖς
995 1184 1303 1227 διαλεκτικαῑς
1342 1196 1452 1238 φηςι

450 1257 526 1299 καὶ
558 1255 787 1309 Διογένης
819 1254 871 1297 ἐν
901 1259 960 1309 τῇ
992 1255 1256 1308 διαλεκτικῇ
1288 1253 1451 1309 τέχνῃ)

447 1328 506 1371 τὸ
538 1326 757 1370 ςυνεςτὸς
780 1325 853 1368 διὰ
874 1328 960 1368 τοῦ
984 1324 1024 1368 εἰ
1045 1327 1328 1368 ςυναπτικοῡ
1352 1337 1452 1368 ςυν-

381 1437 386 1441 .
448 1398 637 1450 δέςμου,
679 1396 727 1439 et
764 1394 1051 1450 Philoponus
1089 1395 1150 1437 ad
1188 1393 1452 1437 Aristotelis

448 1467 582 1511 Anal.
628 1466 788 1522 priora
830 1464 897 1509 fol
926 1464 1047 1508 LXa
1089 1479 1120 1521 p
1162 1464 1319 1520 169b45
1349 1464 1451 1509 Br.:

449 1541 506 1583 τὸ
539 1539 590 1582 δὲ
621 1539 734 1581 ὅλον
765 1539 911 1580 τοῦτο
941 1537 998 1580 τὸ
1030 1535 1099 1579 <<εἰ
1130 1537 1282 1591 ἡμέρα
1313 1536 1450 1590 ἐςτίν,

448 1613 579 1666 ἥλιος
611 1609 728 1663 ὑπὲρ
767 1611 857 1662 γῆν
889 1608 1009 1652 ἑςτ1>>
1046 1610 1192 1650 τοῦτο
1224 1607 1449 1662 ςυνημμέ-

449 1695 535 1724 νον
572 1681 647 1723 διὰ
676 1679 734 1721 τὸ
766 1681 1000 1734 ςυνῆφθαι
1028 1681 1182 1722 ταῦτα
1211 1678 1448 1732 ἀλλήλοις,

448 1750 530 1794 ubi
580 1763 638 1794 ex
664 1806 666 1808 v
688 1749 1074 1793 antecedentibus
1125 1748 1450 1792 subaudienda

450 1823 559 1867 sunt
603 1821 647 1865 οἱ
685 1822 1060 1875 Περιπατητικοὶ
1102 1820 1358 1874 ὠνόμαςαν
1404 1824 1451 1863 et

448 1891 755 1948 intellegendi
828 1891 1114 1946 antiquiores
1184 1889 1449 1934 Aristotelis

449 1965 706 2009 sectatores

396 2035 718 2095 σύναρθροι
756 2033 1047 2088 ἀντωνυμίαι
1086 2033 1313 2077 vocantur
1342 2044 1450 2088 pro-

448 2106 639 2149 nomina
682 2105 944 2160 possessiva
990 2103 1103 2159 quia
1145 2103 1341 2159 possunt
1386 2103 1451 2146 eis

446 2176 674 2235 praeponi
703 2175 890 2220 articuli
920 2180 989 2231 69,
1020 2180 1048 2218 4
1079 2175 1128 2219 et
1157 2179 1182 2218 5

397 2249 622 2303 ςυνάφεια
667 2246 725 2292 de
765 2259 945 2291 conexu
982 2245 1183 2302 protasis
1222 2243 1451 2289 condicio-

447 2319 566 2362 nalis
618 2319 666 2362 et
715 2318 932 2374 apodosis
980 2317 1105 2373 apud
1150 2315 1452 2372 Apollonium

448 2390 724 2447 Dyscolum:
766 2388 873 2432 vide
905 2389 965 2432 ad
995 2392 1072 2442 91,
1103 2391 1295 2440 2—92,
1328 2391 1349 2429 1
1382 2385 1452 2442 (in

449 2463 564 2506 extr.
603 2475 634 2516 p
667 2461 739 2515 91)
779 2461 827 2503 et
866 2460 983 2514 synt.
1016 2462 1135 2513 26616
1173 2459 1220 2502 et
1256 2457 1362 2502 libr.
1393 2456 1451 2500 de

451 2533 568 2576 coni.
588 2536 709 2586 48320
725 2530 775 2574 B.
796 2551 852 2566 =
874 2534 994 2584 21724
1015 2528 1150 2573 Schn.
1180 2530 1315 2584 (48319
1342 2527 1452 2572 scri·

448 2603 656 2646 bendum
695 2601 735 2645 εἰ
766 2604 854 2655 Ζῶ,
896 2602 971 2644 καὶ
1002 2600 1226 2644 ἀναπνέω
1257 2613 1342 2655 pro
1376 2601 1450 2643 καὶ

448 2676 485 2719 ζ.
517 2689 558 2718 κ.
590 2674 657 2729 ἀ.)

394 2744 716 2801 σύνδεσμος
747 2742 1007 2788 coniunctio
1037 2746 1104 2795 23,
1136 2746 1175 2784 2.
1208 2746 1276 2792 86,
1309 2747 1346 2786 3.
1381 2746 1449 2797 87,

451 2821 491 2860 1.
568 2814 779 2859 definivit
827 2814 949 2858 hanc
999 2812 1222 2856 orationis
1266 2813 1450 2868 partem

452 2886 530 2929 D.:
563 2887 678 2930 λέξις
711 2886 962 2931 ςυνδέουςα
994 2885 1203 2928 διάνοιαν
1234 2885 1352 2939 μετὰ
1372 2884 1451 2928 τά·

449 2960 566 3003 Ξεως
611 2958 687 3001 καὶ
731 2958 789 3001 τὸ
835 2960 920 3012 τῆς
968 2954 1213 3011 ἑρμηνείας
1252 2956 1450 3011 κεχηνὸς

449 3031 715 3084 πληροῡςα,
769 3026 897 3071 cuius
942 3028 1056 3082 ὅρου
1102 3025 1297 3069 verbum
1344 3025 1469 3068 ulti-'

448 3114 576 3142 mum
614 3098 709 3142 iam
749 3101 857 3142 ante
888 3096 1062 3142 saeculi
1093 3095 1243 3152 quinti
1274 3096 1450 3139 exitum

449 3170 498 3212 in
528 3171 734 3225 δηλοῦςα
756 3169 1082 3226 depravatum,
1115 3168 1224 3210 ante
1246 3165 1451 3210 medium

450 3254 570 3287 saec.
600 3239 709 3283 XIV
748 3240 807 3284 ab
838 3238 1143 3296 Moschopulo
1182 3237 1451 3281 restitutum

450 3312 535 3358 est.
617 3310 763 3355 Stoici
814 3309 1146 3354 definiverant:
1199 3309 1451 3363 ςύνδεςμός

451 3383 545 3426 ἑςτι
576 3382 712 3436 μέρος
745 3383 889 3435 λόγου
911 3382 1141 3425 ἄπτωτον
1172 3382 1371 3424 ςυνδοῦν
1392 3380 1451 3423 τὰ

451 3454 567 3508 μέρη
614 3456 700 3496 τοῦ
748 3454 892 3506 λόγου
939 3451 1110 3506 (Laert.
1157 3449 1244 3494 VII
1289 3454 1313 3503 ξ
1358 3453 1448 3504 58).

451 3524 575 3567 hune
633 3525 747 3578 ὅρον
799 3522 1073 3580 Apollonius
1132 3521 1202 3564 ita
1250 3520 1452 3565 mutavit

452 3594 677 3650 auxitque
717 3595 768 3637 ut
799 3593 1034 3637 definiret:
1076 3593 1324 3647 ςύνδεςμός
1356 3592 1453 3636 ἐςτι

452 3667 592 3721 μέρος
631 3667 776 3719 λόγου
815 3665 1009 3708 ἄκλιτον
1041 3664 1312 3708 ςυνδετικὸν
1351 3666 1452 3707 τῶν

450 3740 537 3780 τοῦ
568 3738 712 3791 λόγου
745 3739 916 3791 μερῶν,
949 3734 1019 3778 οἷς
1042 3736 1117 3777 καὶ
1148 3732 1452 3789 ςυςςημαίνει,

451 3810 480 3862 ἢ
512 3810 640 3853 τάξιν
671 3811 701 3863 ἢ
732 3810 931 3862 δύναμιν
961 3809 1214 3861 παριςτῶν,
1255 3805 1312 3848 ab
1344 3803 1454 3847 Dio-

450 3880 581 3936 nysio
611 3878 726 3923 nihil
755 3878 843 3922 nisi
872 3878 1049 3921 τάξεως
1079 3888 1248 3918 nomen
1269 3870 1454 3919 mutua·

449 3952 538 3996 tus.
590 3950 711 3993 hanc
743 3948 865 3993 enim
896 3947 1163 3998 finitionem,
1196 3959 1336 4001 quam
1356 3947 1451 3990 tra.-

452 4021 523 4064 dit
568 4022 833 4076 probatque
871 4018 1149 4063 Heliodorus
1187 4016 1261 4060 vel
1298 4017 1452 4072 potius

453 4091 674 4135 Choerob.
710 4096 759 4135 Σ
787 4095 910 4145 9527,
950 4088 1305 4145 Apollonianam
1354 4101 1450 4131 esso

1496 2742 1888 2801 συνεκφωνέω.

1113 258 1444 324 ermogenem
1469 304 1518 310 -
1545 261 1836 336 ςῨΝτΑΞις

1553 408 1757 451 arbitror
1786 408 1934 452 invito
1966 407 2110 452 etiam
2133 409 2324 454 auctore
2349 408 2552 467 locuple-

1553 478 1731 522 tissimo
1762 477 2087 523 RSchneidero
2125 492 2230 523 meo
2271 485 2405 534 (mus.
2445 480 2549 524 rhe—

1551 562 1658 592 nan.
1682 553 1790 592 1874
1820 563 1851 604 p
1879 550 1975 604 183)
2006 562 2098 594 non
2120 549 2268 593 solum
2292 563 2352 594 ea
2369 550 2552 595 ratione

1552 621 1833 673 commotus,
1885 619 2012 674 quod
2059 620 2320 664 Priscianus
2370 621 2432 664 111
2480 626 2598 689 93,χ

1553 690 1755 733 eundem
1784 691 1898 744 ὅρον
1930 690 2177 746 expressit:
2209 691 2470 736 coniwnctio
2490 696 2555 736 est

1547 773 1665 815 pars
1693 760 1918 804 orationis
1947 760 2306 816 indeclinabilis,
2337 763 2552 808 coniunc-

1553 831 1652 874 tiva
1673 830 1878 875 aliarum
1889 832 2100 887 partium
2120 832 2360 886 orationis,
2391 833 2556 889 quibus

1554 901 1888 958 consiynifflcat,
1913 901 2006 945 vim
2025 902 2096 946 vel
2115 902 2456 948 ordinationem
2475 903 2551 948 de·
2618 928 2621 931 -

1552 976 1827 1026 monstrans,
1857 972 1939 1016 sed
1971 972 2113 1016 etiam
2143 973 2256 1029 quia
2276 973 2553 1018 Heliodorus

1554 1043 1649 1099 (vel
1678 1043 1833 1099 potius
1862 1042 2244 1100 Choeroboscus),
2278 1044 2357 1099 qui
2385 1047 2435 1088 Σ
2452 1048 2554 1100 952ὃ
2637 1072 2643 1081 .2

1552 1141 1644 1170 -18
1674 1114 1806 1158 illam
1835 1113 2174 1158 coniunctionis
2194 1114 2555 1171 descriptionem

1552 1184 1796 1239 tamquam
1833 1183 2006 1228 iustam
2036 1184 2350 1242 Dionysianae
2387 1185 2554 1242 utpote

1554 1255 1834 1311 ἐπταιςμένῃ
1860 1256 2070 1312 opponit,
2092 1257 2235 1313 plane
2256 1256 2395 1314 parili
2414 1256 2554 1300 modo

1554 1330 1604 1370 Σ
1649 1331 1750 1382 9825
1773 1352 1827 1358 -
1846 1353 1883 1381 25
1945 1331 2047 1382 9247
2069 1353 2123 1360 -
2142 1355 2175 1384 2,
2237 1333 2357 1385 9313,
2378 1358 2430 1364 -
2453 1331 2556 1384 9358

1554 1396 1888 1452 Apollonianas
1938 1399 1988 1441 et
2035 1397 2345 1454 Dionysianas
2403 1398 2551 1454 verbi,

1552 1467 1936 1523 praepositionis,
1998 1468 2210 1513 adverbii
2261 1469 2554 1513 definitiones

1550 1536 1676 1581 inter
1712 1552 1760 1582 se
1799 1539 2001 1594 confert3
2041 1551 2195 1595 neque
2226 1543 2326 1584 τῶν
2355 1543 2441 1584 τοῦ
2472 1540 2549 1584 λό-

1551 1623 1637 1662 γου
1670 1613 1828 1664 μερῶν
1866 1610 2012 1654 verba
2053 1610 2112 1654 ab
2144 1609 2383 1666 Apollonii
2413 1610 2548 1655 disci-

1552 1678 1684 1734 plina
1713 1679 1783 1723 ita
1811 1680 2077 1736 discrepare
2107 1682 2222 1738 puto
2243 1682 2298 1724 ut
2328 1681 2552 1737 suspicio-

1550 1763 1659 1793 nem
1688 1763 1876 1795 movere
1906 1751 2098 1807 possint,
2121 1748 2236 1807 ‘sed,
2267 1765 2554 1807 quamquam

1550 1822 1829 1877 plerumque
1850 1821 2077 1878 Dyscolus
2107 1822 2223 1866 dicit
2252 1821 2556 1867 enuntiata

1552 1892 1951 1937 coniunctionibus
1996 1893 2198 1948 conecti,
2243 1894 2403 1938 tamen
2449 1907 2553 1938 eum
2636 1921 2639 1924 -

1551 1964 1667 2020 puto
1697 1965 1757 2008 τὰ
1789 1965 1902 2020 μέρη
1934 1967 2021 2008 τοῦ
2044 1964 2191 2018 λόγου
2214 1977 2272 2008 ex
2293 1964 2553 2009 Stoicorum

1553 2034 1826 2079 definitione
1885 2033 2090 2079 retinere
2147 2049 2240 2080 11011
2299 2035 2552 2090 dubitasse,

1553 2106 1665 2160 quia
1680 2107 1769 2149 hoc
1789 2106 1928 2150 modo
1949 2119 2044 2150 non
2060 2105 2395 2151 excludebatur
2411 2119 2556 2151 enun—

1553 2177 1777 2220 tiatorum
1823 2176 2083 2233 copulatio,
2129 2177 2251 2221 sicut
2293 2190 2386 2221 non
2423 2175 2557 2222 dubi-

1556 2248 1693 2304 tavit,
1726 2248 1808 2292 ubi
1839 2247 1898 2292 de
1921 2247 2082 2292 ordine
2103 2248 2308 2305 partium
2331 2246 2555 2293 orationis

1555 2318 1756 2373 disserit,
1789 2319 1912 2376 synt.
1934 2323 2025 2374 1812
2054 2318 2231 2363 diceret
2261 2319 2338 2363 ἐπὶ
2368 2323 2487 2364 ‘tract'
2505 2319 2557 2364 δὲ

1552 2394 1652 2434 τοῖς
1683 2390 2058 2443 κατειλεγμένοις
2096 2389 2203 2446 (scil
2231 2394 2332 2436 τοῖς
2360 2393 2446 2442 τοῦ
2478 2391 2555 2435 λό-

1552 2474 1639 2513 γου
1671 2461 1841 2516 μέρεςι)
1875 2461 1901 2504 ὁ
1932 2461 2123 2505 τούτυιν
2154 2462 2420 2506 ςυνδετικός
2449 2461 2554 2505 cuv-

1553 2533 1716 2586 δεςμος
1748 2532 2137 2587 παρελαμβάνετο

1496 2600 1719 2648 συνδέω
1746 2602 1803 2646 (10
1826 2601 2243 2646 coniunctionibus.
2291 2603 2556 2647 ςυνδέουςιν

1552 2677 1620 2727 89,
1654 2678 1691 2717 1.
1742 2675 1924 2717 ςυνδεῑν
1954 2677 2022 2726 95,
2055 2677 2097 2717 1.
2149 2673 2399 2718 ςυνδέουςα
2428 2677 2497 2727 86,
2528 2678 2555 2716 3

1977 2745 2038 2798 μὴ
2096 2744 2553 2798 ςυνεκφωνουμένου

1553 2813 1611 2858 de
1642 2815 1660 2858 ῖ
1688 2813 1850 2858 littera
1879 2814 2116 2871 adscripta
2136 2813 2218 2858 sed
2237 2827 2331 2858 non
2350 2827 2555 2871 pronun-

1550 2885 1671 2929 tiata
1701 2889 1769 2940 58,
1800 2890 1828 2929 4

1495 2957 1770 3011 ςυνεπάρδω
1794 2957 2058 3012 exemplum
2078 2956 2212 3001 verbi
2226 2955 2553 3012 parasyntheti

1550 3026 1599 3070 in
1639 3028 1910 3072 erotematis
1940 3027 2284 3073 vetustissimis:
2323 3027 2385 3072 ad
2414 3031 2494 3082 51,
2527 3032 2550 3070 1

1497 3098 1518 3122 '³‘
1537 3098 1768 3142 ςυνέπεια.
1836 3099 1885 3142 ἐν
1915 3103 1974 3155 τῇ
2007 3100 2227 3154 ςυνεπείᾳ
2257 3097 2555 3142 substituitur

1553 3167 1707 3225 gravis
1739 3169 1955 3213 accentus
1984 3169 2033 3213 in
2064 3169 2216 3215 locum
2249 3169 2376 3214 acuti
2408 3173 2505 3224 111,
2527 3173 2553 3212 2

1498 3235 1770 3296 σύνθεσις
1816 3239 1873 3284 de
1912 3240 2162 3284 verborum
2199 3239 2551 3295 compositione,

1554 3323 1647 3364 qua
1677 3310 1973 3354 enuntiatum
2011 3311 2210 3356 efficitur
2239 3315 2319 3366 22,
2349 3316 2390 3357 5.
2452 3323 2553 3355 cuv·

1552 3381 1673 3425 θέςει
1704 3380 1761 3424 (10
1792 3393 1962 3424 vocum
1991 3380 2327 3438 compositione
2357 3393 2428 3436 ea,
2459 3392 2555 3436 qua
2621 3390 2623 3393 ·

1551 3463 1646 3494 una
1675 3463 1767 3494 vox
1799 3451 1996 3496 efficitur
2027 3457 2097 3510 70,
2130 3458 2157 3496 3

1496 3519 1779 3568 σύνθετον
1819 3521 1876 3567 de
1907 3522 2199 3578 nominibus,
2236 3522 2411 3578 verbis,
2446 3535 2552 3579 pro—

1551 3593 1828 3650 nominibus,
1862 3593 2099 3638 adverbiis
2130 3593 2410 3652 eompositis.
2449 3594 2552 3638 εὐν-

1553 3668 1694 3709 θετον
1724 3670 1792 3718 29,
1825 3669 1851 3708 5
1882 3668 1930 3708 et
1959 3668 1998 3708 6.
2031 3669 2100 3719 50,
2132 3670 2159 3710 3
2190 3666 2240 3708 et
2267 3669 2307 3712 4.
2346 3667 2418 3719 68,
2451 3668 2473 3707 1
2504 3665 2553 3707 et

1553 3741 1590 3785 2,
1652 3736 1851 3780 ςύνθετα
1883 3740 1950 3788 73,
1986 3741 2007 3778 1
2041 3736 2089 3780 et
2118 3740 2155 3783 2.
2210 3735 2451 3780 ςυνθέτων
2480 3737 2549 3788 30,

1558 3812 1595 3850 1.
1656 3807 1914 3850 *ςύνθετος
1946 3807 2067 3851 πούς
2100 3811 2195 3860 117,
2225 3810 2250 3849 6

1499 3875 1776 3933 σύνταξις.
1828 3878 2040 3922 ςυντάξει
2071 3877 2128 3921 de
2159 3889 2217 3921 ea
2244 3873 2551 3932 praepositio·

1554 3961 1665 3991 num
1687 3948 1736 3991 et
1755 3947 1951 3991 aliarum
1974 3947 2196 3991 orationis
2216 3946 2422 4002 partium
2443 3957 2551 3990 con-

1552 4019 1813 4073 iunctione,
1862 4033 1956 4074 qua
1991 4017 2277 4076 praepositio
2317 4029 2409 4060 nou
2447 4028 2551 4061 coa·

1557 4089 1687 4133 {escit
1717 4103 1820 4132 cum
1853 4091 2005 4134 altera
2035 4102 2162 4145 voce,
2197 4087 2276 4132 sed
2300 4083 2552 4143 adponitur
