2808 4394
815 242 902 287 DE
933 240 1535 287 CONIVNCTIONVM
1565 239 1949 286 SPECIEBVS
2346 243 2443 295 101

196 479 206 488 ·
274 444 669 512 ’[Βιεοιιινυῐτιᾼε
694 470 748 498 m·
772 471 824 498 'rs
833 467 1043 498 s'rmonu
1063 467 1342 497 scnomonvn
1368 456 1436 507 (Σ
1444 455 1497 507 σ)
1520 466 1816 496 suorssunvn
1830 455 1912 507 (E)
1928 467 2129 496 Amonvu
2152 457 2443 508 somnonvul

292 524 635 570 definitionem:
676 525 720 570 οἱ
757 527 1012 580 δηλοῦντες
1049 524 1108 568 τὸ
1145 522 1362 567 ἐναντίον
1397 528 1457 579 τῇ
1496 522 1687 576 δυνάμει
1723 526 1809 566 τοῦ
1855 522 2142 577 πράγματος.
2202 525 2270 568 6¹³
2300 525 2350 568 et
2378 526 2447 569 Et

292 596 588 651 προεέθηκαν
624 589 888 652 praebent).
949 607 1035 638 nec
1078 592 1215 650 plura
1258 592 1475 648 exempla
1519 591 1766 648 quisquam
1810 591 1976 635 horum
2020 593 2214 637 testium
2250 595 2299 637 in
2343 594 2444 638 arte

290 665 495 722 legebat.
555 666 637 710 sed
674 665 733 709 ab
764 663 1012 720 Apollonio
1050 662 1268 707 discimus
1305 662 1420 706 alios
1461 661 1564 716 (scil
1601 661 1649 705 in
1689 662 1755 706 eis
1793 675 1912 718 quae
1943 662 2001 706 de
2040 662 2445 708 coniunctionibus

291 734 560 791 tradebant)
592 735 652 780 ad
682 734 968 790 Dionysiana
1007 733 1224 789 exempla
1253 732 1484 777 addidisse
1515 733 1619 788 πέρ,
1664 732 1791 788 quod
1821 732 2096 789 Apollonius
2126 733 2226 790 ipse
2256 735 2445 790 praeter

291 804 574 862 expletivam
613 806 707 849 vim
745 818 884 861 saepe
922 804 1233 859 ἐναντιότητα
1278 802 1541 860 significare
1579 802 1799 858 putabat,
1839 802 1897 846 de
1936 802 2055 847 coni.
2088 808 2205 860 5252,
2234 804 2285 852 B.
2325 809 2446 860 257„

290 874 450 919 Schn.:
495 877 610 932 Πέρ.
643 876 822 931 εἴρηται
859 876 935 918 καὶ
981 875 1099 930 ὑπὲρ
1144 875 1320 918 τούτου
1358 876 1424 918 ὡς
1451 874 1868 926 ·ἑναντιωματικόε
1908 875 2015 920 ἑετι.
2074 874 2144 916 διὸ
2183 876 2259 918 καὶ
2298 879 2443 920 τοῦτο

290 948 581 1000 προετιθέαει
620 947 695 990 καὶ
725 946 782 989 τὸ
819 946 970 1000 ἔμπης
1000 947 1075 989 καὶ
1111 949 1169 989 τὸ
1201 945 1343 997 ὅμως.
1404 945 1509 988 κατ’
1536 943 1640 999 ἴεην
1670 945 1759 999 γὰρ
1789 945 1987 997 δύναμιν
2016 944 2076 987 τὰ
2106 945 2243 998 μόρια
2273 946 2444 999 λαμβά-

288 1029 441 1060 νεται·
482 1017 729 1072 ποιητικὸν
767 1015 928 1069 μέντοι
961 1015 1019 1058 τὸ
1050 1015 1200 1070 ἔμπης
1231 1016 1306 1058 καὶ
1337 1015 1534 1070 εὐνηθε(
1572 1016 1631 1058 τὸ
1661 1015 1804 1067 ὅμως.
1866 1026 2006 1069 quem
2035 1013 2190 1057 locum
2220 1015 2444 1071 deprava-

287 1088 388 1128 tum
427 1099 525 1130 esse
567 1086 702 1143 patet
739 1097 827 1128 nec
865 1083 958 1128 alio
996 1084 1136 1128 modo
1173 1085 1390 1129 sanatum
1426 1084 1484 1127 iri
1514 1099 1637 1128 nunc
1669 1084 1898 1138 existimo,
1930 1082 2019 1127 nisi
2048 1084 2088 1128 si
2117 1097 2202 1140 pro
2233 1087 2308 1128 καὶ
2339 1087 2444 1141 post

288 1157 577 1211 προετιθέαει
607 1154 925 1211 scripserimus
955 1156 1074 1210 πρὸ(
1103 1154 1499 1211 praepositionem
