2814 4400
618 299 699 373 IJE
728 299 851 342 HAG
882 297 1176 343 EDITIONE
1206 298 1287 342 DE
1317 292 1642 343 THEODOSII
1674 301 2023 346 CANONIBVS
2232 302 2401 346 XLVII

246 427 372 496 quia
416 426 549 479 utile
595 426 872 479 videbatur
908 426 1217 490 observare,
1269 444 1364 494 per
1409 443 1540 494 quos
1578 429 1890 480 mutationis
1927 416 2130 499 gradus·
2160 429 2402 482 doctrina

248 510 575 580 Dionysiana
614 511 679 563 ad
717 511 1062 563 recentiorem
1103 512 1332 562 aetatem
1370 513 1669 580 propagata
1707 516 1860 564 esset.
1934 513 2189 566 Ordinavi
2227 517 2402 567 autem

246 595 390 647 locos
446 595 766 664 scriptorum
822 595 1132 664 plerumque
1185 612 1293 646 non
1349 611 1412 646 ex
1469 597 1743 647 auctorum
1791 598 2144 667 temporibuS,
2201 598 2291 651 sed
2340 616 2403 650 ex

246 681 568 749 cognatione
606 683 660 732 et
696 678 1039 732 similitudine
1076 695 1138 730 ea
1173 696 1304 747 quae
1341 681 1434 731 aut
1468 678 1612 731 inter
1660 678 1974 747 Dionysium
2011 684 2065 733 et
2098 685 2260 735 testes
2297 682 2403 734 sin·

203 777 225 811 5
245 763 399 833 gulos
435 766 529 816 aut
562 764 703 816 inter
737 766 901 817 testes
937 763 1081 833 ipsos
1116 762 1415 815 intercedit.

386 847 612 901 Tertia
676 849 903 918 denique
959 846 1320 900 adnotationis
1375 850 1525 915 parte
1580 848 1925 901 continentur
1979 867 2113 918 quae
2170 850 2402 904 Merxius

244 932 609 1002 interroganti.
662 933 793 985 mihi
861 931 1140 1001 respondit
1200 930 1264 983 de
1326 931 1769 1000 interpretatione
1832 933 2148 986 armeniaca.
2242 938 2401 1004 atque

244 1016 562 1086 ubicumque
598 1035 661 1069 ex
695 1017 864 1091 prima
889 1017 1184 1069 secundave
1209 1018 1361 1084 parte
1398 1020 1622 1084 apparet
1659 1017 1740 1068 vel
1779 1018 2036 1086 suspicari
2076 1019 2198 1070 licet
2235 1037 2406 1071 exem-

244 1100 415 1170 plaria
470 1102 600 1154 artis
649 1102 790 1154 inter
837 1119 894 1154 se
942 1092 1290 1169 discrepuisse
1339 1102 1391 1152 et
1437 1099 1727 1153 lectionum
1776 1101 2101 1154 diversarum
2141 1103 2298 1155 alicui
2336 1104 2403 1155 ab

183 1200 226 1232 10
247 1186 503 1238 Armenio
560 1186 925 1238 testimonium
970 1185 1197 1252 accedit,
1254 1184 1330 1236 ibi
1386 1178 1619 1253 semper,
1678 1186 1806 1254 quid
1857 1187 2008 1238 testis
2057 1186 2147 1238 ille
2194 1187 2399 1255 legerit,

245 1269 539 1322 indicatum
590 1274 686 1325 est.
761 1288 860 1322 nec
907 1271 1083 1322 minus
1126 1269 1336 1338 prolata
1371 1288 1504 1339 quae
1547 1270 1811 1338 interpres
1858 1271 2076 1339 propria
2123 1271 2286 1324 habet
2333 1272 2399 1324 ab

247 1353 494 1406 omnibus
545 1354 663 1407 aliis
718 1354 942 1420 testibus
998 1353 1393 1423 dissentientia,
1449 1355 1680 1425 exceptis
1736 1358 1916 1407 tamen
1974 1355 2285 1425 plerumque
2335 1357 2407 1408 eis

246 1455 380 1506 quae
416 1442 598 1508 aperte
636 1458 700 1492 ex
736 1440 955 1510 linguae
988 1439 1255 1493 armeniae
1292 1438 1469 1491 indole
1506 1439 1795 1507 repetenda
1831 1442 1958 1491 sunt
1995 1458 2095 1492 nec
2122 1441 2404 1510 quicquam

247 1522 453 1575 faciunt
489 1525 556 1576 ad
594 1524 862 1593 exemplar
898 1523 1117 1577 technes
1154 1541 1260 1592 quo
1298 1524 1562 1593 interpres
1600 1524 1849 1576 utebatur
1888 1525 2334 1594 cognoscendum.

188 1621 229 1652 1⁵
394 1607 569 1661 Simili
615 1610 824 1662 ratione
869 1627 995 1661 usus
1043 1627 1161 1661 sum
1206 1610 1261 1660 in
1311 1608 1388 1660 eis
1431 1626 1567 1677 quae
1613 1608 1677 1660 de
1725 1609 1965 1661 versione
2014 1610 2220 1678 syriaca
2257 1628 2409 1678 para-

248 1692 575 1762 graphorum
619 1695 826 1746 11—20
861 1693 1061 1762 protuli
1097 1693 1156 1745 in
1193 1692 1332 1745 Add
1347 1692 1548 1745 endis.

389 1778 832 1846 Conspectum
869 1796 1049 1830 earum
1086 1795 1265 1829 rerum
1304 1795 1438 1846 quae
1474 1776 1558 1829 his
1583 1777 1994 1847 prolegomeniS,
2034 1778 2410 1831 dissertatione

243 1863 538 1930 Merxiana,
575 1863 693 1930 ipsa
729 1865 857 1931 arte,
897 1861 1282 1931 supplementis
1320 1861 1451 1914 artis
1476 1863 1792 1926 tractantur,
1832 1864 1962 1914 item
1989 1861 2242 1929 siglorum
2270 1882 2406 1932 quae

243 1950 302 2000 in
340 1947 676 2000 adnotatione
715 1947 967 2015 usurpavi
994 1946 1406 2015 explicationem
1434 1945 1600 1999 habes
1625 1947 1682 1998 in
1708 1947 1911 1999 ultimis
1936 1946 2093 2001 huius
2120 1947 2408 2000 voluminis

183 2044 226 2076 20
245 2033 474 2102 paginis.

385 2117 467 2170 De
522 2117 811 2169 indicum
867 2117 1048 2186 graeci
1105 2123 1157 2169 et
1193 2116 1348 2169 latini
1386 2117 1683 2170 rationibus
1721 2118 1978 2186 siglisque
2015 2135 2148 2186 quae
2187 2117 2411 2170 dicenda

246 2207 423 2270 erant,
462 2203 715 2271 praemisi
752 2201 1013 2254 indicibus
1049 2201 1195 2272 ipsis,
1391 2202 1396 2204 ’

388 2414 577 2467 Restat
614 2417 674 2467 ut
710 2414 782 2467 de
820 2414 1118 2483 supplem
1134 2414 1314 2466 entis
1351 2417 1414 2467 te
1430 2413 1632 2466 chnes
1670 2433 1840 2483 pauca
1878 2415 2146 2468 disseram.

388 2498 493 2552 Pro
521 2501 710 2551 horum
734 2499 1094 2550 vetustissimo
1119 2497 1352 2551 habendi
1372 2502 1499 2551 sunt
1517 2498 1562 2550 Τ
1574 2499 1608 2550 h
1622 2517 1649 2551 e
1662 2516 1693 2551 o
1708 2500 1741 2551 d
1752 2518 1784 2552 o
1798 2499 1877 2552 sii
1897 2500 2019 2552 Ale
2031 2519 2065 2552 x
2078 2518 2110 2552 a
2120 2519 2157 2551 n
2170 2505 2201 2551 d
2214 2518 2241 2551 r
2251 2500 2270 2551 i
2282 2501 2344 2551 ni
2360 2502 2409 2566 ²³)

183 2604 225 2637 25
249 2585 529 2639 κανόνες
575 2584 999 2648 εἰςαγωγικοὶ
1037 2587 1185 2649 περὶ
1222 2585 1497 2638 κλίςεως
1535 2585 1892 2651 ὀνομάτων
1931 2587 2033 2638 καὶ
2070 2585 2379 2651 ῥημάτων
2396 2626 2411 2653 ,

245 2686 379 2738 quos
398 2668 444 2721 B
457 2667 736 2721 ekkerus
756 2669 814 2721 in
834 2668 1231 2721 Anecdotorum
1252 2687 1470 2722 suorum
1489 2672 1636 2721 tomo
1656 2669 1816 2721 tertio
1834 2689 1869 2739 p
1891 2669 2203 2723 975—1061
2230 2669 2411 2724 edidit.

244 2753 304 2806 hi
328 2754 454 2822 quia
479 2753 691 2822 saepius
717 2754 774 2805 in
805 2772 912 2806 uno
939 2752 1207 2805 volumine
1244 2772 1359 2806 cum
1391 2752 1583 2824 techne
1615 2754 1952 2823 legebantur,
1991 2755 2195 2806 factum
2235 2757 2315 2806 est
2353 2757 2412 2805 ut

245 2837 348 2906 ipsi
373 2856 581 2907 quoque
617 2838 684 2889 ab
710 2837 971 2907 Dionysio
1009 2839 1194 2907 scripti
1221 2857 1335 2891 esse
1372 2838 1715 2907 putarentur,
1754 2839 1899 2891 velut
1934 2839 1992 2892 in
2018 2828 2200 2891 codice
2226 2838 2412 2890 Mona-

246 2923 392 2974 censi
446 2922 553 2975 284
605 2926 729 2991 post
779 2924 970 2976 librum
1024 2923 1458 2989 Theodosianum
1515 2923 1723 2992 aliaque
1778 2923 2189 2992 sympleromata
2241 2923 2319 2975 fol
2345 2924 2414 2975 69

193 3028 236 3060 30
257 3006 425 3059 minio
473 3006 607 3059 haec
654 3008 851 3076 scripta
887 3009 1257 3061 inveniuntur:
1306 3009 1439 3062 ἔνιοι
1478 3011 1537 3062 δὲ
1575 3010 1820 3071 λέγουςιν
1859 3007 1942 3061 ὅτι
1978 3011 2064 3062 καὶ
2101 3009 2152 3061 οἱ
2189 3009 2413 3062 κανόνες

252 3091 502 3157 ῥημάτων
540 3093 624 3145 καὶ
663 3093 950 3158 ὀνομάτων
989 3094 1259 3148 διονυςίου
1298 3094 1497 3158 θράκου
1523 3093 1647 3163 (sic)
1686 3093 1795 3146 εἰςί.
1853 3092 2192 3162 indidemque
2214 3092 2412 3145 factum

247 3179 308 3228 ut
356 3176 516 3229 etiam
553 3177 658 3229 alia
695 3177 1065 3246 supplementa
1103 3179 1233 3230 artis
1272 3177 1698 3230 adscriberentur
1736 3177 2047 3230 TheodosiO.
2122 3176 2412 3246 Explanati

248 3264 428 3313 autem
466 3263 593 3313 sunt
630 3279 862 3314 canones
886 3261 1242 3335 Theodosiani
1279 3263 1380 3331 ipsi
1418 3279 1621 3330 quoque
1660 3261 1727 3313 ab
1764 3261 2142 3330 interpretibus
2180 3262 2412 3330 complu·

210 3381 218 3386 «
249 3345 413 3398 ribus:
450 3345 698 3398 Ioanne
737 3345 1052 3415 Charace,
1093 3344 1380 3416 Georg'io
1420 3345 1891 3398 Choerobosco
1930 3346 2044 3415 (qui
2078 3364 2211 3415 quae
2248 3346 2411 3399 dicta-

187 3450 232 3482 35
253 3430 349 3482 bat
366 3430 637 3499 discipulis
663 3431 771 3483 suis
795 3430 918 3483 libri
938 3430 1245 3483 illustrandi
1268 3449 1440 3502 causa,
1470 3449 1533 3483 ex
1559 3429 1736 3483 codice
1757 3430 2079 3483 Coisliniano
2106 3449 2250 3483 anno
2278 3430 2412 3483 1842

391 3586 437 3640 *J
468 3598 608 3639 quem
645 3587 755 3642 post
783 3585 1100 3630 Herodianum
1142 3585 1377 3642 scripsisse
1419 3586 1742 3630 demonstrant
1770 3600 1801 3642 p
1826 3590 1976 3642 10592:
2011 3587 2331 3631 Ἀπολλώνιος
2361 3587 2411 3629 δὲ

251 3657 348 3700 ἐὰν
386 3671 414 3699 τ
432 3656 745 3709 εθείκωμαί
776 3671 916 3712 φηςιν
948 3658 1069 3701 εἶναι
1098 3658 1218 3701 αὐτὸ
1252 3657 1353 3712 (scil
1383 3656 1727 3700 coniunctivum
1758 3656 1956 3712 perfecti
1983 3656 2175 3713 passivi)
2208 3657 2410 3711 ἀμαρτύ-

253 3740 364 3781 ρως,
398 3729 462 3771 ὥς
494 3739 638 3781 φηςιν
669 3728 970 3781 Ἡρωδιανὸς,
1004 3728 1114 3771 ante
1145 3727 1323 3772 exitum
1355 3726 1508 3783 quinti
1539 3726 1715 3770 saeculi
1743 3726 1886 3771 fuisse
1906 3726 2012 3770 hinc
2036 3727 2249 3779 efficitur,
2282 3724 2410 3779 quod

253 3796 467 3839 tabulam
505 3795 757 3840 flexionum
795 3798 965 3841 τύπτω
1002 3797 1135 3841 verbi
1173 3812 1229 3841 ex
1259 3796 1508 3842 Theodosii
1547 3797 1800 3841 canonibus
1838 3797 2103 3841 verbalibus
2143 3797 2410 3851 excerptam

196 3883 238 3913 40
261 3866 508 3910 Armenius
530 3867 784 3914 transtulit,
834 3867 1024 3911 exeunti
1045 3868 1230 3922 quarto,
1261 3866 1444 3911 ineunti
1466 3866 1630 3922 quinto
1650 3866 1940 3919 tribuendus,
1972 3868 2011 3909 si
2030 3866 2155 3909 idem
2178 3866 2249 3909 est
2269 3866 2409 3919 atque

259 3938 286 3981 ὁ
326 3937 573 3992 θαυμάςιος
610 3938 930 3991 γραμματικὸς
960 3938 1226 3991 Θεοδόςιος,
1269 3937 1340 3981 6ιιί
1372 3937 1591 3992 Synesius
1622 3936 1819 3980 salutem
1848 3936 1995 3980 mittit
2025 3935 2227 3991 epistula
2257 3934 2320 3978 IV
2350 3935 2411 3978 ad

259 4005 512 4062 Euoptium
532 4007 726 4051 fratrem
746 4006 1055 4051 Alexandriae
1085 4010 1348 4051 versantem
1375 4007 1487 4050 data
1517 4009 1565 4063 (p
1586 4007 1708 4051 645b
1731 4007 1803 4051 ed.
1826 4007 2032 4061 Herch.).
2091 4020 2230 4061 quam
2262 4006 2408 4062 suspi-

262 4077 444 4123 cionem
474 4077 603 4121 haud
633 4077 994 4134 improbabilem
1024 4078 1267 4134 proposuit
1296 4077 1475 4121 Nicolai
1505 4078 1553 4120 in
1583 4077 1694 4123 hist‘.
1723 4077 1816 4120 litt.
1847 4089 2001 4132 graec.
2030 4076 2064 4120 t.
2084 4075 2152 4119 III
2180 4090 2212 4132 p
2235 4080 2330 4124 156,
