2814 4400
935 246 1234 292 ADDENDA
1264 247 1340 290 ET
1371 246 1769 291 CORRIGENDA
2246 248 2438 292 LXXIX

417 377 482 429 ad
526 376 579 444 7,
606 375 783 442 3-8,
812 376 861 429 2.
918 375 973 426 in
1015 374 1115 426 hoc
1153 374 1325 442 capite
1363 376 1444 428 καὶ
1478 375 1509 439 ἡ
1547 376 1642 439 μὲν
1668 376 1840 427 τελεία
1867 376 2026 426 verba
2050 375 2436 444 interpolatrici

278 462 458 514 manui
498 461 675 511 deberi
714 460 916 512 scholia
949 463 1002 511 et
1033 459 1315 511 Armenius
1353 459 1736 526 demonstrant,
1778 459 1866 510 sed
1908 460 2062 511 etiam
2105 463 2306 525 ςτιγμαί
2345 462 2436 514 εἰςι

276 550 438 612 τρεῖς·
485 546 660 598 τελεία
698 533 820 610 με’ςη
851 546 1138 608 ὑποςτιγμή
1167 547 1221 595 et
1246 545 1369 609 μέςη
1397 546 1453 596 δὲ
1482 547 1694 608 ςημεῖον
1721 545 2024 608 πνεύματος
2062 547 2241 599 ἕνεκεν
2268 564 2437 611 παρα-

277 631 681 696 λαμβανόμενον
722 629 902 697 spuria
940 646 1052 680 esse
1091 632 1312 680 conatus
1351 646 1466 681 sum
1508 629 1729 696 probare
1767 628 1883 679 Zur
1920 628 2439 698 IViederherstellaemy

234 734 255 764 5
277 734 312 783 p
353 715 434 767 76.
510 715 589 766 cfr
627 713 791 783 Steup
830 713 893 765 de
932 713 1119 764 Probis
1157 731 1192 780 p
1230 712 1311 764 23,

418 883 481 935 ad
532 883 651 951 7,4
702 882 954 952 [DISC-R.
994 880 1469 950 SCRIPTVRAE]
1511 881 1573 933 de
1613 881 1887 934 Leidensis
1935 883 2054 934 libri
2103 885 2257 953 signo
2307 888 2437 940 ὑπο-

277 972 483 1033 ςτιγμῆς
531 969 651 1020 vide
700 967 864 1036 praef.
904 965 1058 1019 XXX
1083 967 1144 1018 21
1191 970 1245 1018 et
1290 969 1409 1017 aeta
1446 984 1604 1018 conv.
1643 965 1826 1034 philol.
1867 966 2196 1020 Trevirensis
2244 989 2278 1038 p
2321 973 2436 1026 167.

278 1053 508 1105 occurriss
553 1053 656 1105 hoo
704 1053 914 1122 signum
964 1070 1006 1106 e
1047 1067 1098 1120 g.
1139 1051 1195 1102 in
1235 1051 1433 1102 codicis
1471 1069 1506 1119 p
1544 1051 1615 1103 56
1653 1052 1734 1103 col
1771 1051 1823 1103 ΙΙ
1876 1053 2016 1104 inter
2054 1053 2340 1119 ῥηματικὸν
2380 1059 2438 1109 δέ

277 1138 379 1190 ἐςτι
427 1142 479 1189 et
526 1140 588 1190 τὸ
628 1137 736 1190 ἀπὸ
786 1137 1018 1202 ῥήματος
1057 1137 1401 1201 παρηγμένον
1441 1134 1583 1206 (oum
1624 1137 1681 1188 in
1720 1137 1961 1205 proxime
2000 1139 2437 1192 antecedentibus

213 1224 417 1274 winter
464 1206 792 1287 παρώνυμον
833 1223 891 1274 δὲ
940 1223 1043 1274 ἐςτι
1081 1224 1135 1272 et
1170 1223 1232 1274 τὸ
1270 1222 1395 1285 παρ’
1434 1220 1609 1286 ὄνομα
1646 1223 1868 1287 ποιηθέν
1907 1225 2166 1290 punctum
2215 1224 2439 1276 inferius

275 1305 621 1376 inveniatur),
661 1307 787 1358 item
826 1326 860 1375 p
887 1306 993 1357 204
1028 1306 1170 1357 inter
1206 1309 1346 1359 πᾶςα
1380 1305 1643 1371 ἀναίρεςις
1679 1307 1798 1376 (pro
1827 1307 2139 1379 ςυναίρεςις)
2177 1309 2229 1363 ἐξ
2267 1309 2439 1364 ὀξείας

276 1393 361 1444 καὶ
411 1393 623 1458 βαρείας
672 1395 725 1443 et
769 1392 1175 1456 περιςπωμένην
1213 1394 1380 1454 ποιεῖ,
1430 1409 1463 1459 p
1503 1391 1607 1442 214
1643 1391 1784 1443 inter
1822 1393 2160 1459 ὀρθογραφία
2197 1395 2297 1459 γάρ
2336 1396 2439 1448 ἐςτι

277 1479 329 1527 et
374 1477 407 1540 ἡ
454 1476 613 1539 ὀρθὸς
660 1474 781 1546 (pro
832 1475 1030 1547 ὀρθῶς)
1076 1477 1411 1542 γεγραμμένη
1464 1477 1615 1530 λέξις.
1689 1477 2068 1529 conferendum
2116 1480 2257 1547 quod
2303 1497 2439 1531 com·

278 1560 626 1612 mentariolus
663 1563 730 1613 ab
757 1560 1018 1630 Hilgardo
1046 1561 1217 1612 editus
1244 1560 1306 1612 de
1332 1559 1735 1629 hypodiastolae
1761 1562 1916 1630 signo
1954 1561 2018 1632 (‚)
2053 1581 2087 1630 p
2113 1563 2202 1633 259
2229 1569 2437 1617 narrat:

215 1665 255 1695 15
278 1645 473 1698 τίθεται
511 1647 595 1698 καὶ
633 1646 750 1699 ἀντὶ
788 1646 1107 1711 ὑποςτιγμῆς
1145 1646 1398 1699 ὑποκάτω
1435 1650 1533 1699 τοῦ
1573 1646 1796 1711 ἑςχάτου
1823 1647 2125 1711 γράμματος
2152 1650 2308 1714 μήπω
2347 1668 2438 1703 πε-

275 1731 632 1795 πληρωμένου
669 1735 767 1783 τοῦ
804 1732 1088 1796 νοήματος.

415 1886 480 1936 ad
527 1886 586 1953 8,
613 1886 646 1938 5
698 1885 912 1957 [LEOT.
954 1884 1292 1957 ARMENII]
1347 1886 1455 1939 ἀπὸ
1505 1890 1602 1939 τοῦ
1652 1886 1871 1952 ῥάπτειν
1907 1887 2090 1953 ,ὁμοῦἳ
2129 1887 2280 1960 (rw)
2319 1891 2436 1956 ἔπη.

275 1971 350 2022 sie
389 1975 448 2022 ut
486 1971 827 2036 scriberetur,
867 1971 1102 2023 Merxius
1139 1971 1401 2039 poposcit.
1477 1971 1608 2022 mihi
1647 1971 1857 2023 videtur
1895 1974 2182 2025 Armenius
2221 1992 2438 2027 conver-

274 2055 403 2107 tisse
440 2056 549 2109 ἀπὸ
588 2061 685 2110 τοῦ
724 2055 807 2108 vel
846 2059 992 2123 παρὰ
1029 2059 1092 2111 τὸ
1132 2058 1529 2122 ςυρράπτειν
1569 2057 1669 2121 ἔπη
1698 2057 1779 2108 vel
1806 2058 1871 2110 τὰ
1897 2058 2013 2123 ἔπη,
2053 2059 2191 2126 quod
2218 2060 2436 2112 verbum

211 2159 253 2191 20
276 2141 627 2209 compositum
654 2142 712 2193 in
738 2142 941 2194 scholio
968 2144 1197 2209 vetustO,
1225 2142 1429 2210 opinor,
1458 2141 1674 2211 legerat.
1707 2137 1851 2194 ⁸vide
1876 2143 1994 2193 Σίι]
2022 2142 2103 2194 V¹1
2129 2147 2182 2195 et
2208 2154 2257 2194 Σ
2286 2145 2340 2196 in
2368 2145 2436 2198 N.

416 2311 481 2363 ad
519 2311 577 2379 9,
605 2311 638 2364 2
689 2310 938 2380 [DISOR.
967 2311 1061 2363 ET
1099 2310 1405 2380 TESTIM]
1462 2322 1512 2361 Σ
1555 2312 1611 2362 in
1648 2312 1958 2364 Matritensi
1997 2313 2058 2365 81
2100 2314 2174 2365 fol
2217 2315 2308 2367 81:
2350 2317 2438 2368 διὰ

271 2398 319 2450 τί
357 2398 416 2450 δὲ
453 2390 603 2450 ειπεν
644 2398 752 2450 άπὸ
791 2401 888 2450 τοῦ
929 2402 993 2464 ᾶβ
1031 2399 1180 2463 μέχρι
1217 2402 1314 2451 τοῦ
1355 2417 1427 2465 ως
1470 2398 1550 2450 ὅτι
1587 2398 1648 2450 τὸ
1687 2399 1782 2462 μὲν
1821 2402 1855 2450 ἇ
1892 2400 2051 2461 γένος
2078 2402 2250 2468 δηλοῖ,
2288 2401 2351 2453 τὸ
2379 2403 2436 2454 δὲ
2476 2438 2478 2440 >

275 2485 303 2546 β
330 2481 491 2536 εἶδος.
541 2483 573 2546 ἢ
601 2483 682 2536 ὅτι
709 2482 889 2536 οὐςίας
914 2484 1021 2536 εςτὶ
1047 2485 1362 2548 ςημαντικὸν
1389 2484 1450 2535 τὸ
1483 2487 1532 2546 ἃ,
1559 2484 1621 2535 τὸ
1651 2484 1709 2535 δὲ
1737 2489 1765 2550 β
1792 2486 2176 2550 ςυμβεβηκότος
2208 2524 2434 2538 .......

271 2567 304 2631 ἢ
344 2565 426 2619 ὅτι
463 2568 524 2619 τὸ
564 2585 659 2633 μεν
696 2571 732 2621 ἃ
771 2587 829 2622 εν
869 2570 1160 2634 πρόςωπον
1188 2571 1358 2636 δηλοῖ,
1397 2571 1459 2622 τὸ
1497 2570 1557 2621 δὲ
1594 2573 1621 2633 β
1659 2569 1773 2621 δύο.
1835 2568 2067 2637 [LEOT.
2097 2568 2431 2639 ARMENH!

207 2667 250 2700 25
271 2651 391 2703 vide
427 2652 591 2720 praef.
630 2651 806 2705 LXIX
837 2653 914 2704 10.

414 2808 478 2860 ad
504 2808 562 2876 9,
583 2807 616 2861 3
645 2807 896 2877 [DISOR.
910 2808 1003 2861 ET
1032 2808 1337 2877 TESTIM]
1378 2764 1590 2875 Ξυςμοῖς
1624 2808 1788 2861 habet
1816 2810 1976 2861 etiam
2000 2821 2050 2861 Σ
2074 2809 2230 2863 Cram
2267 2812 2434 2882 32531.

389 2964 478 3016 'ad
516 2964 574 3032 9,
603 2964 633 3017 7
676 2963 900 3034 [LEOT.
928 2964 1269 3033 ARMENII]
1309 2964 1429 3017 vide
1466 2964 1633 3033 praef.
1674 2964 1850 3018 LXIX
1880 2966 1961 3018 14.

412 3120 475 3170 ad
522 3120 613 3187 10,
639 3120 746 3173 4—
770 3122 823 3175 7.
886 3121 1015 3173 haec
1052 3122 1119 3173 ab
1157 3122 1333 3173 aliena
1381 3139 1542 3173 manu
1581 3120 1761 3173 addita
1799 3140 1911 3173 esse
1949 3123 2181 3174 breviter
2218 3123 2434 3175 demon-

270 3206 433 3257 stravi
471 3205 587 3258 Zur
637 3204 1155 3274 Wiederherstelluny
1191 3225 1225 3274 p
1265 3207 1348 3259 77.

206 3390 247 3422 30
412 3361 477 3412 ad
520 3361 611 3430 10,
637 3362 740 3414 6*
767 3362 798 3414 7
841 3361 1066 3432 [LEGT.
1102 3360 1440 3431 ARMENII]
1479 3362 1596 3413 vide
1637 3362 1801 3430 praef.
1843 3362 2016 3415 LXIX
2042 3363 2125 3415 24.

411 3518 476 3568 ad
529 3516 877 3586 11,5—-12,
905 3519 938 3571 4
991 3516 1246 3584 [DISGR.
1284 3517 1377 3569 ET
1425 3516 1729 3587 TESTIM.]
1809 3518 2174 3588 Dionysius
2226 3520 2430 3574 Halie.

271 3603 333 3653 de
371 3619 540 3670 comp.
580 3603 725 3654 verb.
767 3621 810 3655 c.
850 3602 979 3655 XIV
1016 3621 1051 3671 p
1091 3601 1247 3655 72R:
1287 3605 1524 3668 διαφορὰ
1564 3605 1622 3656 δὲ
1661 3603 1840 3657 αὐτῶν
1878 3602 2012 3674 (scil.
2050 3608 2161 3657 τῶν
2200 3607 2428 3671 γραμμά-

268 3687 404 3758 των)
443 3689 626 3753 πρώτη
666 3689 788 3755 μέν,
830 3689 905 3743 ὡς
943 3689 1299 3753 Ἀριςτόξενος
1338 3689 1369 3742 ὁ
1407 3690 1653 3753 μουςικὸς
1691 3689 2075 3758 ἀποφαίνεται,
2114 3691 2224 3742 καθ’
2263 3692 2326 3754 ἣν
2366 3692 2430 3744 τὰ

270 3775 363 3836 μἐν
403 3774 592 3839 φωνὰς
639 3772 916 3837 ἀποτελεῖ,
965 3775 1032 3826 τὰ
1069 3775 1129 3826 δὲ
1177 3774 1425 3839 ψόφους·
1479 3774 1669 3838 φωνὰς
1707 3775 1801 3838 μὲν
1841 3776 1906 3827 τὰ
1942 3776 2207 3839 λεγόμενα
2244 3777 2429 3841 φωνή-

205 3881 247 3913 35
269 3875 412 3924 εντα,
454 3859 678 3924 ψόφους
716 3859 775 3910 δὲ
811 3857 876 3910 τὰ
914 3859 1077 3911 λοιπὰ
1115 3859 1305 3912 πάντα.
1371 3859 1594 3923 δευτέρα
1631 3860 1691 3912 δὲ
1729 3860 1851 3912 καθ’
1888 3861 1954 3924 ἣν
1993 3865 2100 3911 τῶν
2141 3861 2205 3924 μὴ
2246 3877 2428 3925 φωνη-

272 3944 445 3996 έντων
494 3943 528 3995 ἃ
563 3945 657 4009 μὲν
695 3943 817 3996 καθ’
864 3942 1025 3996 ἑαυτὰ
1071 3944 1292 4009 ψόφους
1330 3942 1556 3996 ὁποίους
1596 3945 1660 4008 δή
1699 3962 1844 3998 τινας
1884 3945 2167 3997 ἀποτελεῖν
2206 3945 2426 4010 πέφυκε,

274 4027 458 4093 ῥοῖζον
497 4029 528 4092 ἢ
569 4030 750 4093 ςιγμὸν
789 4030 820 4093 ἢ
859 4029 1064 4094 μυγμὸν
1103 4019 1134 4092 ἢ
1172 4028 1435 4081 τοιούτων
1473 4031 1636 4081 τινῶν
1674 4028 1854 4081 ἄλλων
1894 4029 2041 4093 ἤχων
2079 4030 2425 4093 δηλωτικούς·
