2814 4400
740 288 807 332 IN
837 286 1055 342 QVIBVS
1088 287 1226 332 SYRI
1256 287 1323 343 (S)
1355 285 1686 331 LECTIONES
1721 286 1944 331 lNSVNT
2319 286 2418 331 XCI

269 417 458 486 quibus
506 416 758 469 articulus
796 416 1114 485 praemissus
1162 418 1244 467 est
1282 415 1473 483 (Apoll.
1515 418 1655 482 synt.
1695 415 1845 484 3022).
1909 433 2091 484 neque
2129 418 2308 468 tamen
2365 417 2416 468 in

269 519 365 555 suo
413 501 543 554 artis
591 501 877 570 exemplari
926 501 1100 566 ὄνομα
1138 501 1370 566 ῥήματος
1409 498 1600 569 Syrum
1638 500 1907 552 invenisse
1945 501 2278 565 crediderim,
2330 502 2418 553 sed

267 586 407 639 hanc
445 586 858 655 appellationem
895 586 1033 638 sicut
1069 586 1174 637 alia
1211 585 1477 653 accepisse
1517 585 1584 636 ab
1621 584 1798 653 aliquo
1837 585 2121 638 scholiasta
2158 585 2420 656 Dionysii.

409 727 474 780 ad
513 727 605 790 49,
636 729 687 781 1.
764 726 831 783 S:
870 727 1051 781 τύπτω
1085 727 1228 794 facio
1264 727 1456 795 scrib03
1497 730 1550 780 et
1585 727 1847 792 τύπτομαι
1882 729 1952 795 fio
1987 729 2198 785 scribor.

226 889 249 922 5
413 870 478 921 ad
507 870 602 937 49,
633 870 794 924 1-3.
854 867 892 924 S
919 870 1300 937 interpretatur
1326 870 1474 937 quasi
1510 887 1618 921 non
1647 869 1840 937 legerit
1873 872 2006 922 ποτε
2033 872 2125 935 μὲν
2153 871 2423 935 ἐνέργειαν

268 956 401 1010 ποτὲ
440 957 499 1008 δὲ
536 957 709 1010 πάθος
745 957 1050 1023 παριςτᾶςα,
1088 954 1178 1006 sed
1216 956 1348 1007 ποτὲ
1387 955 1627 1023 ἐνεργείᾳ
1664 955 1798 1007 ποτὲ
1835 955 1990 1007 πάθει
2027 960 2425 1019 παραςταθεῑςα.

270 1045 562 1110 sequuntur
599 1040 839 1108 exempla
876 1041 1109 1109 quinque
1148 1040 1213 1091 ab
1251 1040 1456 1108 graecis
1495 1057 1653 1090 sensu
1689 1056 1903 1108 prorsus
1942 1039 2162 1093 diversa.

411 1196 477 1248 ad
498 1168 611 1263 ‘50,
638 1195 862 1263 3-51,
893 1196 943 1248 1.
1021 1193 1060 1250 S
1099 1214 1196 1264 pro
1235 1195 1638 1262 παραςύνθετον
1679 1194 1843 1246 habet
1881 1213 2076 1247 nomen
2114 1196 2254 1264 quod
2285 1197 2427 1264 plus-

268 1281 767 1349 quamcompositum
793 1281 1078 1350 significat.
1143 1300 1247 1350 qua
1273 1298 1404 1333 voce
1431 1280 1590 1332 etiam
1626 1297 1785 1349 supra
1812 1278 1896 1348 29,
1923 1281 1957 1332 5
1982 1298 2226 1350 graecam
2252 1281 2429 1350 appel-

207 1385 248 1417 ιο
268 1367 524 1419 lationem
562 1366 943 1434 interpretatus
984 1370 1079 1420 est.

413 1510 479 1560 ad
515 1508 610 1575 51,
638 1507 801 1561 2-3.
860 1506 929 1562 S:
968 1509 1180 1575 ἀριθμοὶ
1204 1510 1411 1576 quidem
1435 1510 1718 1562 secundum
1744 1509 1982 1577 linquam
2004 1527 2251 1576 yraecam
2277 1513 2430 1574 τρεῖς,

271 1595 329 1648 id
352 1598 424 1647 est
447 1611 564 1647 vero
592 1595 781 1657 ἑνικός,
817 1595 1011 1664 δυϊκός,
1037 1595 1410 1660 πληθυντικός;
1449 1596 1734 1647 secundum
1759 1595 1996 1662 linyuczm
2021 1612 2140 1648 vero
2165 1596 2433 1663 syriacam

271 1682 389 1744 du0,
429 1680 722 1747 sinyularis
747 1684 794 1732 et
819 1680 1053 1747 pluralis
1091 1680 1194 1750 (cfr
1221 1698 1381 1747 supra
1408 1681 1473 1731 ad
1501 1680 1595 1744 30,
1623 1681 1813 1743 5-31,
1847 1682 1913 1745 1).
1971 1684 2018 1732 et
2043 1681 2216 1734 ἑνικὸς
2242 1682 2336 1745 μὲν
2364 1684 2435 1732 est

273 1764 393 1818 οἷον
432 1766 612 1818 τύπτω
645 1765 787 1831 facio
824 1766 990 1817 scribo
1031 1765 1135 1833 (cfr
1173 1783 1334 1834 supra
1370 1764 1437 1816 ad
1474 1765 1557 1828 49,
1591 1765 1667 1835 l);
1713 1766 2065 1830 πληθυντικὸς
2105 1768 2164 1819 δὲ
2203 1770 2273 1818 est
2311 1766 2432 1819 οἷον

209 1867 249 1898 15
271 1851 538 1916 τύπτομεν
573 1850 804 1916 facimus
838 1850 1130 1903 scribimus.
1193 1851 1422 1918 γράφειν
1462 1868 1559 1919 pro
1598 1851 1814 1905 τύπτειν
1857 1850 2016 1903 verbo
2055 1854 2340 1920 usurpatur
2377 1851 2428 1902 in

271 1935 707 1988 commentariolo
747 1936 1012 2004 byzantiO.

416 2078 482 2130 ad
521 2077 611 2142 51,
639 2077 805 2131 4-5.
881 2077 1063 2130 eadem
1103 2078 1318 2148 legebat
1357 2075 1414 2133 S.

416 2221 479 2272 ad
520 2220 614 2288 53,
646 2220 807 2273 1—4.
872 2220 1053 2272 eadem
1094 2221 1222 2288 quin
1261 2221 1346 2272 hic
1385 2239 1594 2290 quoque
1635 2219 1673 2275 S
1715 2222 1918 2291 legerit,
1961 2221 2191 2274 dubitari
2231 2224 2431 2291 nequit,

274 2305 399 2358 licet
436 2306 679 2375 graviore
718 2305 1020 2373 corruptela
1057 2305 1218 2357 verba
1255 2306 1563 2375 interpretis
1592 2307 1880 2376 depravata
1906 2307 2028 2364 sint.
2097 2307 2213 2359 vide
2241 2307 2429 2360 Merxii

209 2407 250 2438 20
273 2392 574 2443 editionem.
876 2400 884 2408 ‘

414 2532 477 2584 ad
515 2532 609 2599 53,
638 2533 841 2602 5-59,
872 2533 961 2587 10.
1015 2537 1176 2602 caput
1209 2534 1272 2586 de
1308 2534 1776 2603 coniugationibus
1813 2553 1899 2587 om
1936 2532 1992 2590 S.
2039 2567 2098 2573 —-
2141 2535 2204 2587 de
2232 2554 2436 2587 arme-

274 2618 463 2671 niaca
499 2618 658 2670 huius
696 2619 1019 2689 paragraphi
1059 2620 1302 2672 versione
1340 2620 1458 2672 vide
1498 2621 1664 2689 praef.
1705 2620 1847 2672 LXX
1882 2619 2313 2676 14—LXX119.

415 2775 482 2827 ad
519 2775 613 2843 60,
640 2775 692 2828 2.
769 2772 807 2830 S
847 2780 970 2844 post
1019 2795 1335 2829 conversum
1385 2779 1581 2843 μετοχή
1631 2777 1780 2830 addit
1829 2777 2263 2830 coniunctionem
2301 2795 2436 2846 quae

276 2860 546 2929 significat
593 2865 766 2914 autem
812 2862 894 2914 Vel
940 2879 1072 2915 vero.
1151 2863 1372 2914 eandem
1412 2862 1605 2914 adiecit
1641 2863 1811 2915 initiis
1848 2863 2311 2932 paragraphorum
2353 2864 2433 2914 13.

214 2946 364 2997 2516.
401 2947 480 2998 17.
511 2946 590 2998 18.
625 2947 702 2999 19.
746 2979 803 2985 —
848 2949 1139 3013 μετέχουςα
1176 2952 1268 3013 τῆς
1306 2951 1417 3002 τῶν
1458 2948 1709 3014 ῥημάτων
1747 2950 1829 3001 καὶ
1867 2953 1959 3013 τῆς
1998 2953 2108 3002 τῶν
2149 2949 2434 3014 ὀνομάτων

277 3033 561 3100 ἰδιότητος]
601 3049 734 3098 quae
772 3034 1053 3100 composita
1090 3037 1162 3085 est
1186 3050 1249 3085 ex
1270 3035 1680 3100 proprietatibus
1704 3035 1977 3086 verborum
2007 3038 2053 3086 et
2077 3034 2351 3085 nominum
2379 3030 2435 3086 S.

277 3116 535 3187 pluralem
572 3116 737 3186 igitur
777 3117 940 3170 habet
976 3136 1073 3186 pro
1115 3117 1353 3170 codicum
1392 3119 1523 3171 artis
1563 3119 1852 3187 singulari,
1892 3119 2033 3171 sicut
2073 3118 2401 3170 Armenius(

419 3273 483 3324 ad
522 3273 617 3350 60,
645 3273 679 3326 3
727 3275 1033 3339 Παρέπεται
1071 3276 1152 3344 δὲ]
1191 3293 1286 3343 pro
1327 3277 1384 3328 δὲ
1425 3272 1463 3329 8
1503 3274 1664 3327 habet
1709 3275 1950 3327 voculam
1990 3293 2122 3344 quae
2171 3274 2438 3344 significat

277 3360 449 3411 etiam.

214 3515 256 3548 30
421 3501 486 3551 ad
525 3501 620 3568 60,
647 3500 792 3554 3-4
831 3502 865 3555 ἃ
902 3505 983 3556 καὶ
1018 3509 1094 3572 τῷ
1124 3504 1347 3570 ὀνόματι
1383 3505 1467 3556 καὶ
1492 3509 1566 3571 τῷ
1594 3503 1802 3572 ῥήματι]
1842 3504 1875 3555 ἃ
1901 3509 1977 3573 τῷ
2007 3504 2191 3569 ῥήματι
2220 3505 2435 3557 καὶτοῖς

280 3586 502 3651 ὀνόμαςι
541 3583 596 3640 8.

422 3728 485 3779 ad
525 3727 618 3794 61,
649 3728 699 3780 2.
768 3727 834 3783 S:
874 3731 1107 3796 ’Άρθρον
1147 3749 1265 3784 vero
1304 3733 1406 3784 ἐςτὶ
1444 3732 1603 3796 μέρος
1630 3735 1880 3796 quartum
1918 3732 2103 3798 λόγου,
2143 3731 2430 3795 προταςςό-

282 3831 445 3879 μενον
483 3818 592 3866 τῶν
631 3814 851 3867 κλίςεων
889 3821 997 3869 τῶν
1037 3815 1341 3882 ὀνομάτων.
1407 3832 1531 3883 ergo
1573 3816 1775 3867 omittit
1812 3817 2076 3869 πτωτικὸν
2105 3819 2158 3865 et
2194 3817 2276 3867 καὶ
2303 3815 2433 3866 ὑπο-

282 3898 628 3963 ταςςόμενον;
681 3898 759 3949 cfr
799 3900 1084 3951 Armenius
1133 3904 1187 3952 et
1235 3900 1452 3951 scholia.
1529 3918 1626 3968 pro
1666 3900 1883 3969 plurali,
1936 3901 2026 3967 qui
2064 3904 2173 3952 τῶν
2213 3900 2432 3952 κλίςεων

220 4002 262 4034 35
285 3982 577 4051 significat,
619 3982 823 4034 videtur
863 3983 1063 4036 Merxio
1102 3985 1388 4053 singularis
1427 3985 1784 4037 restituendus
1823 4004 1936 4037 esse
1976 3986 2138 4052 (quod
2177 3983 2433 4036 facillimo

282 4068 501 4134 negotio
539 4068 653 4119 fieri
691 4068 888 4137 posse),
928 4086 1047 4120 cum
1086 4087 1242 4122 nemo
1281 4071 1416 4122 alius
1452 4070 1771 4138 plurativum
1809 4087 2085 4121 numerum
2124 4072 2364 4121 testetur.
