2808 4394
645 1078 1214 1149 EXPLIOATIO
1282 1079 2061 1151 COMPENDIORVM

819 1245 1056 1292 Codices
1094 1246 1231 1292 artis
1271 1249 1329 1292 et
1367 1247 1895 1304 supplementorum

276 1351 323 1395 Μ
353 1373 409 1390 =
439 1351 809 1397 Monacensis
839 1351 1135 1397 Victorianus
1164 1357 1271 1407 310,
1310 1353 1391 1408 qui
1419 1353 1618 1410 praebet
1646 1368 1678 1410 p
1709 1357 1786 1408 28,
1809 1359 1836 1398 4
1865 1356 2008 1400 τύποι
2037 1369 2186 1412 usque
2219 1356 2279 1400 ad.
2309 1361 2387 1411 51,
2409 1363 2434 1401 2

528 1425 697 1469 τύπτω
731 1425 780 1468 et
808 1438 839 1480 p
862 1428 972 1477 79,2
1005 1424 1163 1479 ὥςπερ
1194 1437 1340 1480 usque
1372 1423 1432 1467 ad
1461 1423 1602 1468 finem
1623 1424 1817 1469 technes
1841 1430 1956 1482 (100,
1976 1427 2036 1482 2),
2070 1427 2213 1482 atque
2244 1427 2430 1484 supple·

529 1497 678 1540 menti
713 1494 844 1539 tertii
873 1502 1057 1552 partem
1089 1495 1314 1539 maiorem
1346 1494 1428 1551 (ab
1459 1495 1595 1538 initio
1626 1510 1657 1552 p
1684 1500 1816 1549 117,4
1845 1510 1992 1558 usque
2023 1496 2085 1540 ad
2108 1502 2202 1552 122,
2221 1502 2245 1541 7
2276 1499 2332 1542 οὔ
2354 1499 2432 1554 τί),

529 1566 908 1622 supplementum
939 1566 1157 1621 quartum
1189 1566 1442 1622 integrum.
1480 1565 1549 1608 M²
1580 1566 1630 1610 et
1657 1565 1728 1609 Μι
1758 1579 1922 1610 manus
1954 1568 2270 1611 correctorum
2303 1569 2428 1623 sunt,

528 1637 585 1681 de
617 1637 786 1692 quibus
815 1636 922 1680 vide
953 1651 984 1693 p
1015 1635 1125 1680 XIII
1154 1641 1222 1681 33.

274 1706 310 1750 L
341 1728 396 1745 =
427 1707 727 1752 Leidensis
757 1707 1010 1752 Vossianus
1040 1722 1109 1764 gr.
1141 1707 1398 1764 quadratae
1430 1708 1607 1751 formae
1640 1712 1707 1761 76,
1741 1707 1820 1764 qui
1849 1708 2001 1752 totam
2029 1710 2178 1753 artem
2203 1711 2429 1767 (exceptis

527 1794 558 1835 p
589 1783 657 1833 54,
683 1784 702 1822 1
737 1793 839 1822 των
869 1779 917 1823 ἕξ
941 1803 990 1810 -
1012 1783 1083 1832 59,
1103 1784 1130 1822 4
1169 1779 1264 1823 ἀπὸ
1294 1781 1381 1834 τῆς
1412 1781 1465 1832 π)
1504 1779 1553 1822 et
1582 1778 1911 1835 supplementa
1940 1779 2099 1822 omnia
2129 1779 2333 1824 exhibet.
2371 1779 2429 1823 L²

526 1849 581 1892 L³
613 1849 664 1892 [Α
695 1848 750 1892 L¹
780 1862 946 1892 manus
977 1850 1293 1893 correctorum
1323 1850 1451 1899 sunt,
1485 1849 1543 1893 de
1575 1849 1744 1906 quibus
1774 1848 1882 1892 vide
1914 1864 1946 1904 p
1977 1848 2087 1892 XXI
2120 1851 2199 1898 16.’

274 1918 314 1963 G
345 1940 399 1956 =
431 1919 997 1974 Grottaferratensis
1037 1924 1143 1974 127,
1189 1919 1237 1962 in
1277 1932 1369 1975 quo
1409 1920 1512 1963 tota
1550 1932 1626 1963 ars
1654 1920 1776 1964 inest
1806 1922 1855 1965 et
1883 1920 2214 1977 supplementa
2244 1922 2264 1965 Ι
2296 1923 2346 1966 et
2375 1922 2431 1969 II.

526 1989 586 2034 G²
616 2003 782 2033 manus
815 1989 1068 2034 correctrix
1100 1991 1191 2041 est,
1225 1989 1283 2034 de
1315 2004 1410 2054 qua
1438 2005 1469 2047 p
1499 1989 1586 2034 XII
1615 1996 1684 2035 30.

270 2059 307 2103 B
339 2081 394 2097 =
425 2060 737 2106 Vaticanus
769 2066 896 2113 1370,
929 2063 1011 2117 qui
1038 2061 1188 2105 totam
1220 2061 1370 2106 artem
1402 2063 1452 2106 et
1471 2061 1804 2118 supplementa
1823 2062 1845 2106 Ι
1875 2063 1917 2106 Π
1948 2062 2014 2106 ΙΙΙ
2045 2062 2269 2118 eontinet,
2302 2064 2433 2108 euius

523 2133 684 2176 tamen
723 2145 833 2188 pars
863 2145 939 2180 ea,
979 2145 1100 2188 quae
1139 2132 1289 2189 suppl.
1323 2131 1390 2175 III
1420 2132 1642 2188 praebet,
1680 2133 1890 2177 nondum
1922 2134 1994 2177 est
2023 2146 2228 2179 excussa.
2288 2133 2345 2177 Β2
2374 2155 2431 2172 =

522 2216 688 2247 manus
720 2203 992 2255 correctrix,
1026 2202 1084 2246 de
1115 2216 1211 2257 qua
1239 2203 1348 2246 vide
1378 2218 1410 2259 p
1440 2203 1482 2246 X
1514 2209 1554 2247 3.
1590 2203 1647 2261 [B
1670 2203 1814 2247 etiam
1835 2217 1864 2247 a
1883 2203 2101 2248 Bekkero
2122 2205 2427 2264 nominatur]

273 2273 311 2316 T
342 2294 397 2310 =
427 2273 726 2318 Parisinus
767 2278 901 2324 2603,
940 2273 1022 2329 qui
1060 2273 1172 2317 artis
1211 2277 1263 2325 ἐξ
1297 2278 1462 2317 12-20
1499 2274 1644 2319 habet
1683 2276 1732 2318 et
1760 2274 2077 2331 supplementi
2106 2276 2238 2319 tertii
2268 2290 2300 2332 p
2334 2281 2429 2331 122,

527 2348 737 2396 13-123,
761 2350 800 2389 5.
868 2344 926 2402 [T
958 2344 1102 2388 etiam
1133 2343 1260 2401 apud
1290 2344 1591 2403 Bekkerum.]

269 2415 312 2460 V
342 2437 398 2453 =
429 2416 676 2460 Venetus
705 2404 969 2460 Marcianus
999 2420 1082 2459 652
1111 2415 1210 2459 sive
1241 2415 1442 2471 append.
1477 2416 1608 2460 class.
1639 2415 1704 2459 XI
1733 2421 1783 2470 4,
1816 2416 1897 2472 qui
1925 2416 2130 2461 technen
2161 2418 2210 2460 et
2240 2417 2428 2473 supple-

521 2488 683 2531 menta
711 2487 733 2531 I
762 2487 804 2530 II
835 2487 1039 2540 exhibet,
1069 2485 1313 2543 neglectus
1343 2499 1454 2530 vero
1486 2499 1515 2530 a
1543 2500 1618 2531 me
1650 2488 1723 2530 est
1758 2487 1807 2530 in
1848 2486 2000 2544 suppl.
2032 2487 2054 2530 Ι
2091 2489 2285 2544 propter
2322 2502 2424 2531 eam

522 2571 710 2602 causam
742 2570 884 2614 quam
914 2556 1122 2600 indicavi
1150 2571 1181 2613 p
1213 2555 1272 2599 LI
1302 2561 1357 2600 39
1391 2557 1465 2615 [=
1495 2555 1545 2600 M
1575 2556 1816 2613 Bekkeri].

268 2627 313 2671 H
342 2649 398 2665 =
427 2628 643 2673 Holsteni
673 2628 981 2686 apographon
1012 2627 1472 2684 Hamburgense,
1502 2627 1628 2682 quod
1657 2627 1804 2672 habet
1833 2630 1984 2673 artem
2015 2630 2063 2673 et
2093 2629 2426 2686 supplementa

520 2699 542 2742 I
572 2698 628 2744 II.
689 2698 749 2757 [H
780 2699 924 2744 etiam
954 2699 1080 2756 apud
1112 2698 1411 2756 Bekkerum.]

266 2769 308 2814 A
338 2791 395 2808 =
424 2770 726 2815 Paris-inus
757 2775 890 2824 2290,
928 2770 977 2813 in
1008 2782 1101 2824 quo
1131 2768 1255 2814 inest
1282 2769 1451 2814 techne
1482 2770 1821 2814 tantummodo.
1884 2769 1946 2826 [A
1978 2770 2120 2815 etiam
2153 2784 2182 2814 a
2210 2770 2425 2816 Bekkero

522 2841 820 2899 appellatur]

264 2912 288 2955 f
313 2932 368 2949 =
399 2912 545 2956 edItio
574 2913 846 2970 princeps
876 2913 926 2955 in
956 2910 1156 2956 Fabricii
1188 2910 1483 2955 Bibliotheca
1513 2910 1715 2966 Graeca,
1746 2911 1830 2954 ubi
1860 2911 1961 2956 sola
1990 2925 2064 2955 ars
2092 2911 2267 2969 legitur
2297 2913 2368 2969 [==
2390 2911 2426 2955 F

519 2983 648 3040 apud
678 2982 981 3042 Bekkerum].

265 3053 296 3098 b
329 3074 384 3091 =
415 3053 560 3098 editio
592 3053 844 3099 Bekkeri
872 3055 921 3098 in
951 3054 1300 3098 Aneedotorum
1333 3053 1619 3097 Graecorum
1650 3054 1780 3098 tomo
1812 3054 1877 3110 ΙΙ,
1919 3053 2001 3097 ubi
2032 3068 2062 3110 p
2094 3058 2319 3099 629-643
2351 3067 2423 3098 ar-

517 3126 616 3169 tem
646 3125 815 3183 ipsam,
846 3140 878 3183 p
907 3129 992 3169 674
1013 3138 1096 3182 seq
1126 3125 1508 3182 supplementum
1539 3124 1743 3182 primum
1772 3123 1931 3168 habes.

266 3340 303 3386 Ο
334 3360 389 3378 =
420 3338 758 3385 Oxoniensis
788 3338 1100 3392 Baroeeianus
1124 3342 1217 3393 116,
1248 3339 1330 3394 qui
1361 3338 1511 3382 artem
1542 3339 1590 3382 et
1619 3337 1952 3394 supplementa
1979 3338 2064 3381 ΙΙΙ
2096 3337 2302 3390 exhibet,
2335 3338 2419 3382 sed

516 3410 755 3454 adhibitus
786 3424 815 3454 a
842 3422 918 3454 me
949 3411 1020 3454 est
1048 3410 1097 3453 in
1126 3409 1278 3467 suppl.
1310 3409 1331 3452 Ι
1361 3410 1561 3453 tantum.
1625 3408 1729 3453 vide
1760 3423 1791 3465 p
1822 3408 2015 3452 XXXIII
2038 3414 2106 3456 35.
2137 3407 2332 3452 XXXVI
2357 3414 2422 3452 11.

518 3481 580 3525 LI
609 3486 678 3526 38.
718 3481 798 3524 LII
831 3486 897 3525 12.

264 3555 301 3598 P
331 3574 387 3591 =
417 3552 711 3596 Parisinus
744 3557 874 3606 1983,
921 3553 1002 3607 qui
1031 3552 1415 3609 supplementum
1446 3551 1510 3594 ΙΙΙ
1539 3551 1739 3607 praebet
1768 3551 1984 3607 (excepto
2016 3550 2147 3594 exitu
2177 3565 2208 3606 p
2244 3555 2338 3605 122,
2368 3555 2420 3594 13

518 3627 674 3674 -124,
694 3623 753 3678 5).
814 3622 923 3667 vide
955 3637 986 3679 p
1017 3622 1100 3666 LII
1130 3627 1197 3667 43.

266 3695 299 3740 C
330 3716 385 3732 =
415 3693 716 3738 Chisianus
753 3693 880 3737 misc.
923 3693 964 3736 R
999 3692 1064 3737 IV
1101 3699 1174 3746 11,
1213 3693 1294 3749 qui
1332 3692 1432 3748 ipse
1471 3704 1657 3750 quoque
1695 3692 1847 3749 suppl.
1885 3691 1952 3735 III
2001 3691 2147 3735 habet
2193 3691 2421 3748 (exceptis

517 3778 549 3820 p
586 3767 676 3816 122,
698 3767 906 3815 13-123,
927 3766 987 3820 5).
1047 3764 1153 3808 vide
1183 3778 1215 3820 p
1245 3762 1350 3806 LIII
1380 3768 1420 3808 6.

262 3835 305 3880 U
333 3857 389 3873 =
419 3834 674 3878 Vaticanus
703 3833 1005 3878 Palatinus
1036 3841 1105 3888 23,
1135 3835 1183 3878 in
1214 3848 1306 3888 quo
1336 3847 1444 3890 pars
1474 3833 1792 3891 supplementi
1821 3832 1950 3878 tertii
1981 3835 2030 3890 (p
2064 3836 2161 3887 121,
2187 3836 2419 3886 10—122,

522 3894 592 3946 12)
623 3889 875 3935 invenitur.
935 3891 1043 3936 vide
1074 3906 1105 3948 p
1136 3891 1238 3935 LIII
1271 3896 1338 3935 10.
