2808 4394
119 430 146 461 1>
167 420 264 456 6⁷41,

1119 276 1205 321 DE
1240 275 1616 323 PROSODIIS
2071 295 2076 302 ·
2339 278 2435 331 107

431 405 778 471 Διαιροῦνται
816 407 875 460 δὲ
912 405 964 460 αἱ
988 404 1279 474 προςῳδίαι
1318 405 1390 458 εἰς
1427 406 1671 469 τὲςςαρα·
1714 405 1784 458 εἰς
1821 406 2039 472 τόνους,
2080 406 2152 460 εἰς
2189 405 2437 474 χρόνους,

290 490 363 544 εἰς
400 489 697 556 πνεύματα,
735 490 807 545 εἰς
843 491 1002 556 πάθη.

430 575 592 629 Τόνοι
641 577 738 642 μὲν
786 575 886 629 οὖν
924 575 1016 629 εἰςι
1052 576 1219 639 τρεῖς·
1271 572 1435 641 ὀξύς’,
1486 570 1688 640 βαρύς“,
1735 575 2186 640 περιςπώμενοςλ.
2251 576 2438 640 χρόνοι

227 679 268 712 15
291 658 416 711 δύο·
455 660 655 725 μακρὸς
680 670 712 677 “
748 661 833 713 καὶ
872 659 1067 726 βραχύς
1096 672 1136 710 ”.
1210 658 1484 723 πνεύματα
1522 657 1647 710 δύο·
1691 659 1849 711 bacis*
1897 660 1981 711 καὶ
2019 661 2224 724 ψιλόνῒ
2299 660 2438 726 πάθη

289 743 430 808 τρία·
474 742 862 811 ἀπόςτροφος’,
903 743 1121 811 ὑφι-ἷνἼ
1159 742 1519 806 ὑποδιαςτολή
1534 781 1573 812 3.

430 827 488 880 Ἣ
529 827 674 882 ὀξεῖα
709 828 910 882 τόπους
947 827 1055 893 ἔχει
1092 828 1257 893 τρεῖς·
1306 825 1593 893 ὀξύτονον,
1642 827 2043 892 παροξύτονον,
2091 829 2121 881 ὃ
2162 829 2245 882 καὶ
2283 828 2439 894 βαρύ-

290 1065 645 1121 [Dmcmzrm'ru
684 1081 960 1111 somn-vane
999 1082 1045 1110 m
1086 1065 1386 1123 LGBOHb]
1475 1066 1505 1110 2
1538 1067 1646 1110 ante
1680 1067 1745 1111 εἰς
1777 1066 1903 1122 πάθη
1936 1066 2028 1110 add
2061 1069 2134 1110 καὶ
2167 1067 2295 1110 OHb
2316 1068 2333 1122 11
2410 1067 2441 1112 3

287 1137 396 1180 ante
426 1137 557 1181 τόνοι
588 1136 680 1182 add
710 1139 818 1192 περὶ
847 1137 1007 1181 τόνων
1028 1137 1069 1180 Η
1091 1139 1106 1193 ΙΙ
1185 1138 1215 1181 3
1235 1138 1306 1182 ί5
1339 1136 1413 1180 hic
1444 1137 1577 1193 signa
1609 1150 1685 1180 om
1707 1135 1837 1181 OHb
1873 1137 2015 1192 atque
2047 1139 2244 1192 excepto
2274 1137 2441 1180 ultimo

286 1205 430 1250 etiam
455 1205 518 1260 G;
550 1207 632 1251 sed
663 1206 822 1250 omnia
851 1206 1029 1250 habent
1048 1206 1130 1250 LB
1152 1210 1167 1262 ΙΙ
1259 1207 1291 1252 3
1322 1209 1431 1263 post
1461 1208 1621 1263 χρόνοι
1651 1207 1743 1250 add
1774 1208 1824 1251 δὲ
1855 1205 1986 1251 OHb
2009 1208 2024 1262 ΙΙ
2102 1209 2133 1251 4
2164 1215 2271 1263 post
2302 1209 2444 1251 πνεύ-

286 1290 411 1329 ματα
440 1276 533 1319 add
564 1278 613 1320 δὲ
643 1276 775 1320 OHb
815 1282 821 1331 1
925 1279 1068 1331 ψιλὸν
1099 1277 1225 1334 quod
1257 1278 1306 1320 L¹
1342 1277 1554 1321 exaravit
1582 1291 1732 1334 paene
1765 1276 1987 1321 detritum
2020 1280 2113 1331 est,
2146 1281 2280 1332 ψιλος
2315 1277 2371 1319 L¹

286 1346 317 1391 5
347 1347 489 1402 ὑφέν]
523 1346 609 1390 hoo
640 1348 742 1392 loco
773 1347 867 1392 add
898 1347 1235 1404 apostrophum
1267 1349 1316 1391 et
1345 1348 1564 1404 spiritum
1590 1347 1676 1391 LG
1703 1351 1709 1402 Ι
1791 1349 1901 1404 post
1928 1348 2049 1402 ὑφὲν
2081 1347 2173 1391 add
2205 1350 2280 1392 καὶ
2312 1348 2442 1392 OHb

286 1416 299 1468 ¹}
358 1416 389 1460 6
421 1422 529 1460 ante
562 1420 888 1473 παροξύτονον
918 1418 1011 1462 add
1042 1420 1118 1462 καί
1149 1417 1240 1474 L2‘u
1349 1419 1470 1474 6—1)
1502 1418 1613 1471 108,
1648 1418 1675 1461 1
1713 1419 2041 1472 παροξύτονον
2071 1445 2123 1450 -
2156 1419 2443 1473 παρατέλευ-

285 1487 391 1542 τον]
425 1486 542 1531 haec
572 1488 759 1545 integra
789 1489 1015 1533 exhibent
1036 1488 1137 1543 GB,
1170 1489 1205 1531 L
1236 1502 1347 1533 vero
1379 1501 1452 1533 om
1486 1502 1607 1544 quae
1639 1489 1767 1531 uncis
1798 1487 1978 1531 inclusa
2008 1491 2136 1542 sunt3
2166 1488 2298 1534 OHb
2330 1489 2447 1534 haee

287 1555 484 1600 habent:
533 1560 859 1613 παροξύτονον
898 1561 973 1603 καὶ
1012 1560 1449 1614 προπαροξύτονον.
1500 1560 1557 1602 τὸ
1604 1560 1653 1602 δὲ
1692 1560 2019 1613 παροξύτονον
2066 1561 2139 1603 καὶ
2186 1561 2446 1615 βαρύτονον

286 1627 491 1681 λέγεται,
524 1630 580 1672 τὸ
611 1630 661 1672 δὲ
691 1631 1116 1685 προπαροξύτονον
1146 1632 1221 1673 καὶ
1253 1630 1371 1673 αὐτὸ
1404 1630 1665 1684 βαρύτονον
1696 1631 2047 1683 παρατέλευτον

285 1866 685 1918 [ΒιεοιιΕΡΑΝΤιΑΕ
697 1886 750 1913 ET
760 1885 1047 1914 TESTIMONIA
1066 1871 2132 1926 scnomonvu(2‹5).)nnommATvM(E)A1.1onvu
2141 1873 2446 1928 scmp'ronvn]

283 1937 413 1982 1-2
441 1941 681 1995 διαιρεῖται
718 1942 747 1994 ἡ
791 1941 1052 1999 προςῳδία,
1093 1941 1257 1996 φηςίν,
1301 1940 1365 1985 εἰς
1395 1941 1589 1995 τέςςαρα
1620 1945 1670 1984 Σ
1696 1945 1797 1997 6793
1827 1940 2045 1997 (Porph)‚
2092 1942 2174 1984 sed
2212 1941 2446 1998 pluralem

283 2008 461 2052 habent
482 2015 531 2054 Σ
551 2016 668 2067 71225
700 2011 840 2066 (quae
873 2011 1018 2056 verba
1040 2011 1132 2056 UH
1161 2012 1209 2054 in
1243 2013 1409 2055 eodem
1430 2010 1681 2067 Porphyrii
1712 2011 2051 2055 commentario
2083 2011 2311 2056 exhibent
2341 2014 2449 2068 post

283 2081 421 2135 69033)
444 2084 492 2124 Σ
511 2085 628 2137 ‘Il-219
653 2083 834 2135 (Anon.‚
865 2082 947 2126 ubi
978 2096 1134 2126 rursus
1164 2096 1249 2138 pro
1271 2082 1414 2137 φηςίν
1444 2081 1698 2138 legendum
1729 2084 1799 2124 est
1821 2082 1957 2137 φημί)
1978 2085 2026 2127 E
2041 2084 2058 2111 b
2079 2085 2148 2126 Ει
2169 2081 2446 2127 Sohellersh.

283 2152 386 2192 Arc.
418 2176 465 2182 —-
500 2151 740 2207 improbat
776 2153 935 2196 autem
973 2153 1101 2209 quod
1140 2154 1267 2207 πάθη
1307 2165 1494 2207 quoque
1534 2151 1780 2207 prosodiae
1821 2152 2125 2208 appellantur
2162 2152 2448 2210 Porphyrius

284 2219 378 2271 (vel
408 2222 579 2276 potius.
613 2235 755 2278 quem
779 2222 859 2266 ille
878 2223 1117 2270 exscribit.
1151 2221 1520 2276 Choeroboseus)
1553 2222 1690 2276 68024:
1730 2223 1865 2266 ἅτινα
1896 2224 2006 2267 οὐδὲ
2037 2223 2291 2279 προςῳδίαι
2323 2224 2449 2278 εἰςίν,

284 2292 339 2333 et.
354 2295 496 2346 ⁰832²²
529 2294 588 2336 τὰ
618 2294 747 2350 πάθη
778 2295 867 2338 οὐκ
897 2294 981 2338 εἰςὶ
1011 2294 1184 2348 κυρίως
1215 2294 1468 2349 προςῳδίαι
1501 2293 1621 2337 ἀλλὰ
1652 2297 2048 2348 καταχρηςτικῶς,
2081 2293 2130 2336 id
2161 2294 2288 2349 quod
2319 2308 2445 2350 repe-

284 2362 393 2403 tunt
422 2364 495 2406 Εὲ
527 2364 578 2406 et
606 2364 816 2420 epitoma
846 2364 894 2408 et
925 2363 1203 2408 Schellersh.
1237 2368 1370 2418 67215.
1403 2377 1456 2407 ac
1488 2368 1537 2408 Σ
1555 2369 1653 2419 7111
1685 2364 1898 2419 (Anon.):
1932 2365 2053 2409 ἑπτὰ
2082 2365 2199 2418 ἧςαν
2229 2367 2286 2408 τὸ
2319 2371 2445 2419 πρῶ·
2500 2373 2508 2382 “

226 2469 232 2470 ⁷
283 2445 383 2485 τον,
416 2433 533 2476 διότι
565 2437 639 2478 καὶ
670 2435 929 2490 φωνήεντα
959 2435 1078 2479 ἑπτά
1095 2434 1226 2477 εἰςιν·
1260 2434 1584 2489 ἑπενοήθηςαν
1614 2436 1665 2478 δὲ
1695 2435 1755 2478 τὰ
1783 2435 1925 2489 πάθη.
1976 2433 2287 2478 Choerobosci
2317 2435 2447 2478 deni-

284 2514 373 2554 que
405 2504 631 2547 tractatus
662 2504 720 2548 de
750 2505 980 2560 prosodiis
1002 2505 1088 2547 BA
1110 2509 1251 2560 70331:
1283 2505 1334 2547 ἑν
1364 2509 1465 2548 ταῖς
1499 2505 1777 2561 προςῳδίαις
1808 2505 1914 2559 τρία
1936 2505 2064 2549 ἑςτίν
2096 2505 2214 2559 εἴδη·
2247 2507 2340 2548 ἔςτι
2364 2507 2452 2560 γὰρ

283 2573 424 2618 τόνος
465 2575 631 2628 χρόνος
673 2579 858 2629 πνεῦμα
896 2576 983 2630 (cfr
1012 2578 1086 2620 Eg
1126 2576 1248 2619 πόςα
1289 2575 1388 2630 εἴδη
1419 2578 1522 2618 τῶν
1554 2568 1858 2631 προςῳδιῶν;
1897 2575 2043 2629 τρία),
2086 2578 2135 2618 et
2165 2580 2285 2631 704,:
2332 2577 2453 2619 ἑπτὰ

284 2642 371 2685 οὖν
403 2643 528 2694 εἰςιν,
562 2646 627 2689 ὡς
659 2647 899 2697 δέδεικται,
932 2647 979 2690 αἱ
1010 2646 1282 2701 προςῳδίαι,
1319 2647 1368 2689 et
1398 2649 1525 2701 7055:
1559 2647 1672 2690 ἔνιοι
1703 2646 1754 2689 δὲ
1784 2646 1844 2689 τὰ
1875 2647 2141 2699 καλούμενα
2175 2646 2304 2702 πάθη
2338 2660 2451 2701 προ-

284 2715 479 2758 ςτιθέαςι
500 2720 602 2760 ταῖς
624 2717 903 2772 προςῳδίαις
928 2749 1075 2762 .....
1104 2717 1270 2761 Ἰςτέον
1300 2717 1350 2760 δὲ
1381 2717 1454 2760 ὅτι
1485 2720 1639 2760 ταῦτα
1670 2717 1726 2760 οὐ
1750 2718 1938 2760 καλοῡςι
1971 2717 2142 2770 κυρίως
2174 2716 2454 2771 προςῳδίας.

283 2796 436 2838 neque
467 2783 760 2830 Herodianus
797 2788 866 2830 ita
905 2786 1183 2843 appellavit,
1224 2785 1333 2829 vide
1375 2785 1620 2830 Lentzium
1651 2785 1672 2828 I
1703 2801 1734 2842 p
1766 2785 1924 2830 XLIV.
1974 2786 2087 2841 quid
2126 2786 2253 2842 quod
2285 2786 2455 2831 Sextus

285 2852 546 2909 Empirieus
563 2856 683 2899 hane
700 2857 901 2900 nominis
931 2857 1204 2900 abusionem
1234 2856 1496 2912 ignorabat,
1528 2855 1632 2899 adv.
1664 2856 1996 2912 grammaticos
2027 2864 2049 2905 ξ
2072 2861 2150 2900 113
2180 2870 2210 2911 p
2243 2860 2363 2911 62424
2392 2857 2450 2900 B:

284 2925 340 2967 οὐ
372 2925 456 2968 δύο
489 2927 636 2979 μόνον
667 2929 978 2983 ὑπειλήφαςιν
1011 2928 1131 2971 εἶναι
1161 2926 1425 2983 προςῳδίας
1463 2931 1798 2981 γραμματικῶν
1839 2928 2025 2981 παῖδες,
2066 2928 2156 2981 τήν
2187 2941 2240 2971 τε
2272 2929 2451 2983 μακρὰν

288 2997 363 3037 καὶ
395 2997 630 3050 βραχεῖαν,
664 2998 784 3041 ἀλλὰ
815 3000 890 3041 καὶ
923 2999 1076 3042 ὀξεῖαν
1112 3000 1301 3053 βαρεῖαν
1333 2997 1699 3052 περιςπωμένην
1732 2998 1918 3042 δαςεῖαν
1949 2998 2111 3052 ψιλήν.

285 3064 407 3109 3-5
438 3066 570 3110 τόνοι
594 3093 645 3100 -
667 3069 983 3123 ὑποδιαςτολή
1014 3068 1248 3111 testantur
1269 3072 1319 3112 Σ
1335 3071 1521 3123 GMw-22
1552 3067 1744 3123 (Pol-ph)
1767 3068 1816 3110 et
1835 3066 1954 3119 Arc„
1989 3067 2114 3123 apud
2146 3081 2261 3123 quos
2282 3069 2446 3111 tamen

286 3134 420 3190 signa
449 3137 772 3191 prosodiarum
805 3153 900 3183 non
930 3138 1234 3182 inveniuntur
1273 3140 1289 3194 ΙΙ
1652 3138 1682 3182 3
1723 3138 1808 3181 οὖν
1840 3137 1922 3182 εἰςι
1963 3151 2039 3181 om
2070 3138 2202 3190 Aro.,
2252 3138 2335 3183 εἰςὶ
2366 3152 2441 3182 om

286 3209 335 3248 Σ
363 3209 480 3262 6841,
509 3207 559 3250 in
589 3207 683 3252 UH
728 3211 735 3264 1
1127 3211 1253 3255 ὀξεῖα
1294 3213 1452 3265 βαρεῖα
1483 3210 1814 3264 περιςπωμένη
1846 3214 1966 3261 Aro.,
2012 3207 2127 3252 item
2158 3211 2237 3253 Ev
2269 3211 2318 3253 E
2336 3210 2352 3237 Ι)
2385 3213 2456 3255 Et

291 3275 573 3322 Schellersh.
606 3282 727 3335 67230
757 3283 764 3333 ι
1090 3282 1198 3336 post
1229 3281 1389 3335 χρόνοι
1420 3279 1513 3322 add
1544 3282 1595 3323 δὲ
1626 3281 1731 3324 Arc.
1755 3280 1770 3334 ΙΙ
2138 3279 2170 3323 4
2201 3281 2354 3335 μακρὰ
2387 3295 2445 3324 κα

287 3348 475 3400 βραχεῖα
505 3350 607 3396 Are
643 3352 720 3394 Eb
751 3354 873 3395 Ete
849 3350 1057 3407 epitoma
1083 3354 1089 3406 1
1426 3351 1534 3406 post
1564 3350 1811 3403 πνεύματα
1842 3348 1935 3392 add
1965 3350 2016 3393 δὲ
2045 3349 2151 3395 Arc.

271 3418 443 3462 ’δαςεῖα
475 3421 549 3462 καὶ
579 3423 692 3476 ψιλή
723 3424 826 3465 Are.
858 3424 936 3466 Bb
957 3425 1025 3466 Ει
1055 3421 1330 3466 Schellersh.
1353 3425 1453 3474 6732
1478 3421 1485 3477 Ι
1836 3420 1945 3476 post
1973 3420 2099 3475 πάθη
2133 3420 2226 3464 add
2257 3422 2309 3465 δὲ
2340 3422 2445 3464 Are.

289 3488 302 3541 21
640 3492 672 3539 6
710 3493 819 3536 ante
851 3494 878 3546 ἡ
913 3494 1040 3537 ὀξεῖα
1069 3494 1249 3538 τόπους
1281 3494 1366 3535 κτλ
1397 3495 1447 3535 Σ
1474 3495 1654 3547 684π3.εΗ
1687 3489 1884 3546 (Porph)
1927 3478 2124 3546 legebat
2150 3490 2446 3535 definitiones

292 3630 567 3686 [LE-cnonas
595 3626 808 3690 Annium]
867 3632 981 3677 1-2
1006 3633 1251 3688 prosodiae
1269 3632 1500 3690 qenerales
1518 3635 1627 3676 sunt
1646 3635 1757 3676 tres:
1787 3631 1979 3686 tonicae,
2002 3631 2280 3687 temporales,
2296 3643 2444 3686 pneu-

289 3701 494 3745 matieae.
557 3715 668 3757 ergo
706 3703 782 3747 hie
820 3703 1131 3748 exeluduntur
1169 3705 1310 3759 πάθη.
1375 3703 1618 3758 epitheton
1656 3701 1981 3758 prosodiarum
2024 3703 2094 3745 est
2129 3713 2345 3757 serayan,
2386 3702 2446 3745 ab

288 3785 361 3824 εει·
391 3772 517 3827 quod
548 3786 690 3829 yenus
718 3773 950 3828 signifieat
979 3774 1256 3828 derivatum,
1287 3787 1379 3829 quo
1410 3786 1552 3829 supra
1579 3789 1610 3830 p
1635 3779 1702 3826 31,
1725 3777 1750 3816 5
1780 3772 2115 3828 interpretatus
2146 3772 2216 3815 est
2245 3774 2436 3825 γενικὴν

291 3847 470 3887 πτῶςιν
503 3845 519 3899 ΙΙ
616 3844 737 3888 3-5
770 3848 810 3888 et
841 3857 898 3888 ex
926 3845 1023 3889 illis
1051 3845 1152 3889 toni
1179 3848 1288 3889 sumt
1317 3849 1427 3888 tres:
1457 3847 1636 3898 acutus,
1665 3844 1837 3900 gyra-vis,
1870 3843 2187 3898 circumflexus
2198 3859 2214 3894 ,·
2243 3845 2447 3896 tempora

293 3913 407 3956 duo:
449 3913 654 3970 lonyum,
693 3915 846 3967 breve,·
881 3915 1077 3970 spiritus
1108 3915 1200 3959 duo
1239 3914 1382 3971 (apud
1414 3912 1682 3957 Cirbiedum
1720 3913 2057 3970 depravatione
2089 3911 2262 3967 legitur
2291 3910 2446 3967 singu-

294 3982 406 4026 laris
434 3997 656 4028 numerus
689 3985 815 4028 vocis
847 3998 966 4040 quae
997 3986 1213 4040 spiritum
1245 3983 1517 4040 significat):
1556 3996 1704 4039 asper,
1735 3984 1874 4036 lenis;
1906 3982 2167 4037 affectiones
2196 3986 2307 4025 tres:
2337 3993 2445 4035 apo—

292 4053 517 4109 strophus,
548 4054 742 4111 hyphen,
773 4048 1086 4111 hypodiastole
1113 4057 1130 4110 ΙΙ
1209 4056 1329 4110 6-p
1361 4053 1476 4107 109,
1505 4054 1531 4098 1
1563 4056 1591 4107 ἡ
1625 4056 1750 4099 ὀξεῖα
1781 4079 1832 4086 --
1867 4054 2049 4106 λέγεται
2080 4050 2256 4095 omittit

2468 749 2498 794 5
