2814 4400
443 250 617 293 XXXII
1155 248 1234 292 DE
1265 247 1593 294 STEMMATE
1624 249 1895 295 CODICVM

1466 377 1588 449 (co).

587 475 744 527 Hunc
791 474 881 543 qui
931 475 1169 528 exaravit
1212 477 1375 528 verba
1419 477 1620 529 tradita
1677 476 1941 546 corrigere
1967 537 1973 543 ι
1997 476 2245 530 studebat
2290 479 2348 531 in
2400 496 2606 548 quaque

443 561 641 630 pagina
680 558 1099 612 correctionibus
1138 578 1258 613 cum
1295 561 1501 630 pusillis
1538 565 1652 613 tum
1690 560 2041 630 gravioribus.
2115 562 2426 630 asyndeton,
2464 564 2603 634 quod

443 646 498 698 in
538 640 912 698 enumerandis
949 646 1108 698 rebus
1144 645 1385 714 pluribus
1422 646 1708 715 posteriori
1745 664 1873 698 aevo
1909 645 2250 715 displicebat,
2288 647 2502 700 sustulit
2523 649 2607 702 καὶ

443 730 679 782 adiciens
716 731 841 782 ante
877 730 1123 783 ultimum
1161 731 1317 783 seriei
1353 732 1647 784 membrum
1685 731 1736 799 9,
1765 732 1812 783 7.
1855 732 1935 798 10,
1959 730 2007 782 2.
2045 729 2130 798 24,
2159 730 2210 783 8.
2249 730 2332 796 25,
2362 733 2410 785 7.
2449 733 2532 796 30,
2557 733 2607 787 5.
2629 754 2651 786 5

441 817 527 881 31,
553 815 604 866 6.
652 814 740 881 34,
768 815 817 868 5.
866 815 955 883 47,
982 816 1032 867 4.
1108 818 1168 869 δὲ
1214 816 1440 868 inseruit
1485 819 1607 884 post
1651 816 1884 884 primum
1921 814 2142 867 verbum
2180 815 2307 867 novi
2343 816 2607 870 enuntiati

446 900 527 967 10,
559 901 586 951 1
626 902 681 951 et
717 899 765 951 2.
826 899 908 967 14,
938 900 984 951 7.
1034 900 1117 965 35,
1146 901 1196 953 3.
1272 900 1555 954 articulum
1601 900 1683 954 bis
1719 900 1956 969 positum
2003 917 2118 952 esse
2154 899 2322 953 voluit
2371 901 2452 966 10,
2477 901 2514 957 5
2548 901 2608 953 in

440 1002 539 1053 τοῦ
578 1002 595 1053 ἰ
631 1000 714 1053 καὶ
754 1001 784 1054 U
830 999 1031 1063 verbiS,
1087 1000 1170 1067 13,
1210 999 1244 1051 2
1283 1001 1337 1051 et
1373 1000 1406 1052 3
1452 999 1508 1051 in
1555 1004 1653 1054 τοῦ
1689 1003 1731 1052 ff
1767 1002 1853 1054 καὶ
1889 1005 1960 1070 ᾧ,
2015 1004 2112 1054 τοῦ
2149 1004 2181 1053 ii
2215 1001 2301 1054 καὶ
2335 1003 2395 1069 ῖς,
2441 988 2608 1055 rofi—O·

439 1102 524 1154 καὶ
559 1103 606 1157 ἶ.
678 1099 1096 1169 transpositione
1143 1098 1434 1151 delectatus
1482 1101 1562 1151 est
1611 1099 1692 1165 12,
1725 1100 1758 1151 3
1805 1100 1897 1152 ubi
1936 1089 1981 1154 ὅ
2021 1103 2143 1170 post
2177 1089 2222 1154 ’ὅ
2264 1099 2502 1169 traiecit,
2555 1101 2612 1153 et

443 1185 525 1253 13,
549 1185 586 1236 4
609 1184 701 1237 ubi
739 1187 802 1239 τὸ
841 1187 936 1252 μὲν
974 1188 1020 1250 ᾧ
1055 1189 1132 1255 τῷ
1171 1189 1211 1237 fr
1246 1183 1514 1253 praetulit.
1575 1183 1749 1236 Multa
1780 1186 2010 1238 correxit
2045 1188 2286 1238 erotem
2300 1185 2431 1238 atis
2457 1183 2608 1256 Dio·
2630 1204 2674 1239 10

438 1270 746 1338 nysianis
795 1288 919 1322 usus
965 1287 1062 1322 nec
1110 1269 1285 1322 minus
1333 1267 1714 1322 catechismum
1761 1269 1827 1321 ab
1873 1268 2223 1340 Moschopulo
2270 1269 2608 1324 emendatum

440 1354 559 1425 (Eb)
611 1373 769 1424 quam
817 1354 1160 1407 vetustiorem
1209 1353 1320 1406 eius
1366 1354 1594 1406 formam
1639 1352 1761 1424 (Eg)
1809 1355 2134 1412 consulebat.
2209 1374 2273 1408 ex
2308 1364 2383 1408 Eg
2428 1355 2610 1409 derivo

442 1440 581 1508 quod
630 1441 683 1495 Q>
739 1439 828 1507 10,
867 1440 899 1491 8
946 1438 1404 1508 diphthongorum
1453 1437 1691 1491 ordinem
1741 1439 1991 1504 mutavit,
2049 1440 2190 1508 quod
2243 1441 2330 1507 16,
2357 1441 2391 1494 3
2437 1441 2608 1495 ἐκεῖνο

440 1529 601 1578 τοῦτο
649 1525 870 1592 adiecit,
922 1524 1060 1592 quod
1102 1524 1183 1589 19,
1222 1524 1256 1576 2
1299 1526 1548 1593 quartum
1595 1523 1830 1593 syllabae
1877 1524 2165 1593 productae
2202 1525 2417 1578 modum
2454 1543 2610 1595 quem
2715 1518 2718 1520 ’

439 1612 495 1664 in
533 1614 579 1666 21
617 1609 845 1663 defuisse
895 1626 958 1660 ex
995 1608 1271 1661 Leidensis
1321 1611 1375 1661 et
1423 1608 1930 1662 Grottaferratensis
1984 1626 2246 1663 consensu
2293 1609 2610 1681 conligimus
2635 1629 2677 1662 15

437 1697 675 1767 reduxit,
713 1696 855 1765 quod
891 1693 977 1759 28,
1003 1697 1038 1748 5
1075 1712 1172 1763 pro
1208 1698 1302 1748 τῖς
1339 1693 1553 1764 scripsit
1588 1698 1737 1759 ἴος,
1777 1693 1919 1763 quod
1955 1695 2048 1760 32,
2081 1697 2108 1747 1
2147 1696 2269 1750 κατ’
2307 1695 2477 1750 αἰτίαν
2514 1711 2613 1764 pro

419 1783 622 1852 'inepta
669 1781 1019 1834 vetustiorum
1067 1779 1311 1833 codicum
1366 1779 1746 1848 depravatione
1803 1781 1947 1847 (κατ’
1996 1780 2308 1851 αἰτιατικὴν)
2361 1779 2613 1850 restituit,

439 1868 581 1937 quod
632 1868 728 1936 57,
779 1866 813 1918 2
867 1866 1080 1919 traditis
1139 1865 1536 1934 coniugationis
1600 1868 1780 1918 sextae
1836 1864 2093 1933 exemplis
2152 1865 2356 1918 addidit
2409 1865 2611 1920 ἀκούω.

440 1951 978 2020 Moschopulium
1017 1949 1082 2002 ad
1119 1950 1500 2003 catechismum
1536 1950 1708 2003 refero
1754 1948 1944 2001 horum
1981 1949 2221 2003 locorum
2258 1950 2612 2004 mutationes:

443 2037 523 2103 10,
552 2038 580 2090 7
620 2036 734 2107 (ubi
774 2037 886 2091 υἱὸς
924 2038 1009 2089 καὶ
1046 2037 1105 2090 ἐν
1143 2039 1258 2089 τοῖς
1296 2035 1504 2102 ὁμοίοις
1541 2035 1767 2105 addita),
1807 2033 1893 2103 22,
1919 2035 1954 2086 5
1979 2034 2094 2105 (ubi
2129 2053 2189 2091 τε
2225 2038 2314 2091 καὶ
2349 2036 2612 2106 ἐμμέτρου
2633 2054 2677 2088 20

439 2122 678 2192 inserta),
716 2119 810 2186 27,
847 2122 882 2173 4
907 2124 961 2174 et
984 2122 1033 2173 5.
1091 2121 1179 2188 34,
1210 2122 1256 2174 1.
1312 2120 1409 2189 55,
1435 2121 1471 2180 4
1510 2121 1743 2190 (ἀνύττω
1781 2136 1878 2189 pro
1915 2119 2149 2189 ἀνύτω),
2196 2121 2285 2189 58,
2310 2121 2348 2174 4
2384 2121 2476 2191 (οὐ
2515 2137 2612 2191 pro

437 2210 547 2275 μὴ),
596 2207 680 2276 73,
707 2206 741 2258 2
781 2207 928 2276 (οἷον
966 2223 1063 2275 pro
1105 2205 1229 2276 ῶς),
1276 2206 1361 2275 86,
1387 2205 1422 2258 4
1461 2206 1760 2275 (πληροῦςα
1805 2221 1904 2275 pro
1944 2208 2215 2274 δηλοῦςα).
2254 2237 2324 2245 -
2361 2204 2611 2260 Ceterum

439 2310 548 2344 non
587 2291 760 2345 solum
800 2291 1114 2361 corrigendo
1151 2291 1242 2344 sed
1279 2291 1442 2344 etiam
1479 2291 1825 2360 neglegentia
1862 2290 1918 2346 §D
1955 2292 2212 2361 peccavit.
2274 2291 2496 2345 classem
2521 2290 2611 2346 ad-

439 2377 742 2429 verbiorum
783 2376 1114 2445 βεβαιώςεως
1153 2375 1231 2447 (ΠΣ
1269 2375 1339 2427 24
1375 2395 1410 2445 p
1447 2376 1532 2444 85,
1564 2375 1616 2446 1)
1653 2377 2036 2445 praetermisit,
2079 2376 2268 2449 deinde
2305 2376 2517 2430 videtur
2546 2377 2611 2431 in

439 2463 682 2532 margine
730 2462 997 2515 adiecisse.
1071 2460 1212 2514 unde
1259 2460 1463 2513 factum
1511 2461 1767 2530 arbitror,
1816 2464 1877 2514 ut
1922 2461 1974 2515 V
2019 2461 2160 2515 hanc
2209 2462 2439 2530 speciem
2460 2514 2463 2518 ,
2485 2465 2612 2532 post
2629 2479 2675 2517 25

440 2549 616 2601 θετικὰ
654 2547 730 2617 (n.
758 2548 827 2599 25
852 2566 886 2615 p
914 2547 999 2615 85,
1028 2546 1085 2617 2)
1123 2545 1438 2612 conlocaret,
1478 2544 1583 2597 HA
1621 2546 1782 2615 plane
1819 2547 2144 2599 omitterent.
2206 2546 2291 2612 25,
2322 2549 2350 2599 1
2387 2564 2611 2617 prorsus

443 2631 728 2684 absurdam
775 2632 998 2701 praebet
1044 2631 1477 2700 depravationem
1513 2630 1639 2683 inde
1675 2634 1846 2684 ortam
1886 2631 2025 2700 quod
2062 2631 2358 2684 communis
2396 2631 2610 2702 generis
2716 2655 2721 2659 ·

442 2716 684 2786 exempla
722 2717 1013 2783 ἄνθρωπος
1047 2717 1215 2771 ἵππος
1252 2718 1309 2768 in
1347 2715 1578 2768 alienum
1625 2715 1801 2769 locum
1848 2717 2199 2785 inrepserant.
2274 2734 2391 2769 eam
2432 2718 2609 2787 poste·

439 2802 594 2854 rioris
622 2802 739 2855 aevi
767 2801 1220 2868 consuetudinem,
1249 2818 1354 2870 qua
1367 2800 1588 2870 pluralis
1606 2819 1859 2854 numerus
1879 2801 2028 2854 verbi
2048 2801 2210 2854 etiam
2229 2819 2350 2854 cum
2368 2801 2609 2855 neutrius

447 2887 658 2957 generis
697 2886 934 2939 subiecto
971 2886 1237 2955 plurativo
1277 2886 1624 2955 construitur,
1663 2889 1839 2939 utrum
1878 2887 2119 2940 consulto
2158 2904 2227 2939 an
2266 2903 2443 2939 errore
2478 2886 2530 2956 5,
2555 2888 2606 2941 4.
2629 2905 2673 2939 ao

441 2973 490 3037 9,
518 2973 567 3024 7.
611 2972 693 3039 10,
726 2973 750 3024 1
791 2971 1055 3039 intulerit,
1095 2970 1339 3024 dubitare
1375 2971 1518 3025 licet.

1415 3113 1633 3167 VHAf.

582 3206 634 3258 H
690 3204 1199 3275 (Hamburgensem,
1248 3205 1366 3259 vide
1414 3224 1575 3276 supra
1611 3225 1646 3275 p
1673 3204 1832 3276 VIII)
1879 3209 1933 3258 et
1979 3206 2028 3258 A
2075 3204 2403 3276 (Parisinum
2447 3205 2605 3275 2290,
2663 3226 2666 3232 ·

442 3309 491 3342 v.
531 3309 565 3359 p
605 3290 706 3361 IX)
745 3309 855 3343 non
895 3309 957 3343 ex
996 3289 1046 3343 V
1085 3289 1384 3361 (Marciano
1421 3291 1553 3360 652,
1603 3310 1652 3344 v.
1691 3310 1727 3360 p
1754 3290 1856 3363 IX)
1902 3290 2215 3343 derivandos
2261 3307 2375 3344 esse
2413 3289 2607 3344 docent

441 3393 487 3427 e.
525 3391 577 3444 g.
617 3393 651 3443 p
677 3376 761 3439 30,
789 3376 839 3427 5.
876 3375 963 3444 38,
994 3377 1017 3426 1
1049 3378 1110 3427 et·
1127 3375 1175 3431 5.
1211 3375 1298 3444 47,
1324 3377 1373 3429 3.
1401 3407 1471 3415 —
1507 3374 1535 3428 f
1567 3375 1673 3447 (ed.
1706 3375 2101 3443 Fabricianam)
2139 3392 2203 3428 ex
2239 3373 2290 3427 H
2330 3377 2384 3428 et
2422 3375 2472 3428 A
2503 3375 2606 3429 ori-

441 3459 620 3528 ginem
660 3459 849 3512 ducere
888 3460 1106 3528 probavi
1146 3478 1305 3529 supra
1341 3479 1376 3529 p
1403 3460 1542 3514 VIII
1567 3478 1675 3530 seq.
2625 3478 2668 3512 ω

1470 3603 1574 3673 (8)-

583 3693 717 3747 Eam
744 3693 956 3758 lineam,
986 3682 1119 3762 q'uae
1140 3695 1178 3760 (ὗ
1202 3711 1265 3747 ex
1284 3693 1326 3746 L
1352 3694 1635 3747 oriundum
1661 3711 1776 3747 esse
1800 3693 2016 3758 indicat,
2043 3693 2303 3763 interrupi
2323 3693 2604 3749 dubitandi

442 3779 621 3848 sign0,
683 3778 807 3848 quia
834 3777 954 3831 ·hoc
1002 3779 1174 3831 solum
1223 3782 1368 3834 certo
1407 3778 1763 3833 demonstrari
1800 3780 2005 3847 potest,
2052 3778 2320 3847 persimile
2356 3778 2604 3833 Leidensi

443 3864 603 3916 fuisse
641 3864 680 3930 ῖς
722 3862 915 3917 codicis
952 3861 1300 3933 archetypon.
1351 3864 1470 3919 vide
1507 3883 1552 3917 e.
1579 3882 1633 3934 g.
1673 3863 1768 3932 60,
1794 3863 1953 3916 3-4.
1994 3864 2080 3931 64,
2112 3865 2156 3916 1.
2195 3864 2282 3934 67,
2313 3865 2340 3917 1
2382 3862 2604 3937 (ἑνικὸς)

443 3951 495 3999 et
532 3949 566 3999 5
613 3948 870 4017 (γενικῆς,
909 3949 1144 4020 δοτικῆς)
1193 3954 1246 4002 et
1292 3950 1450 4003 5-6
1489 3948 1831 4018 (αἰτιατικῆς).
1906 3948 1991 4014 68,
2017 3949 2067 4001 3.
2119 3949 2204 4018 71,
2233 3951 2288 4018 13
2336 3950 2391 4002 et
2433 3948 2492 4003 in
2539 3966 2603 4003 ea

445 4032 573 4084 artis
612 4037 785 4101 parte,
825 4051 929 4102 qua
967 4033 1011 4085 Τ
1050 4037 1217 4087 caret:
1255 4036 1303 4098 6,
1336 4036 1400 4087 15
1437 4039 1491 4087 et
1530 4034 1578 4103 7,
1609 4033 1757 4104 1(ἡ).
1802 4033 1881 4101 14,
1909 4033 1937 4086 7
1968 4020 2251 4104 (λέγεται).’
2301 4051 2365 4086 ex
2401 4032 2445 4086 L
2480 4033 2599 4104 ipso
2622 4052 2666 4085 ιο

2803 3958 2814 4016 ἓ
