2808 4394
423 237 491 289 82
1090 239 1117 288 §
1149 240 1201 279 19
1234 235 1325 292 (24)
1354 235 1443 280 EX
1472 236 1620 281 REO.
1650 237 1916 282 PRIORE

563 365 702 431 <17>
739 364 817 417 Τὰ
855 365 913 416 δὲ
950 365 1416 434 παρακελεύςεως,
1455 364 1576 419 οἷον
1615 364 1719 418 εἶα
1756 366 1870 429 ἄγε
1908 367 2087 433 φέρε.

422 560 771 618 [D1scREPANr1A
801 575 1075 605 SCRIPTVRAE
1105 577 1150 605 m
1179 562 1227 605 M
1236 562 1270 604 L
1282 561 1322 606 G
1332 562 1368 605 B
1379 561 1416 605 Τ
1427 562 1468 606 V
1479 561 1523 604 H
1535 563 1570 605 A
1583 562 1655 618 fb]
1745 563 1773 607 1
1804 563 1877 607 εἴα
1908 562 1947 606 G
1958 563 1993 606 B
2004 564 2028 606 f

420 745 802 802 [DISGREPANTIAE
818 762 876 790 ΕΤ
894 761 1159 791 'rsss‘rmomA
1183 746 1611 800 εοΗοῐᾸοΒνΜ-(Σσ)
1636 761 1939 792 EROTEMATVM
1959 748 2044 803 (E)
2068 763 2267 792 ALIORVM
2290 750 2585 807 SCRIPTORVM]

418 817 443 860 1
475 818 533 860 τὰ
573 818 623 861 δὲ
662 819 1052 872 παρακελεύςεως
1098 842 1151 849 -—
1190 818 1323 872 φέρε]
1367 818 1796 873 παρακελευςτικὸν
1836 818 2048 875 appellat
2086 821 2170 874 ἄγε
2201 821 2353 877 Apoll.
2385 821 2443 864 de
2475 821 2582 865 adv.

418 892 536 942 533¹5
574 887 624 930 B.
668 893 786 943 12312
824 888 982 941 Schn.;
1026 889 1192 932 eodem
1231 887 1420 931 nomine
1461 887 1535 931 εἷα
1580 890 1824 945 nuncupat
1863 889 2005 934 schol.
2040 890 2213 934 codicis
2245 890 2419 935 Veneti
2448 892 2489 935 A
2527 891 2587 934 ad

417 958 537 1002 Iliad
568 959 587 1001 Ι
618 963 722 1013 262;
757 960 1250 1014 παρακελευςματικὸν
1280 957 1551 1002 nominatur
1571 958 1698 1003 idem
1729 959 2007 1003 adverbium
2038 961 2096 1004 ab
2120 960 2346 1005 Choerob.
2381 961 2585 1019 orthogr.

416 1029 505 1072 AO
538 1029 582 1071 II
613 1029 888 1085 2¹314=EM
928 1035 1048 1085 29442
1078 1051 1133 1066 =
1173 1029 1387 1075 Eustath.
1429 1029 1489 1073 ad
1524 1029 1660 1073 Iliad.
1692 1029 1733 1072 A
1764 1036 1860 1077 302.
1921 1030 2077 1075 Latini
2116 1031 2176 1075 ad
2213 1032 2331 1076 haec
2362 1031 2588 1076 adverbia

418 1099 724 1165 significanda
755 1103 984 1157 usurpant
1013 1101 1213 1145 verbum
1242 1101 1463 1144 hortandi
1494 1102 1541 1144 et
1570 1099 1763 1143 nomina
1792 1102 2069 1147 hortationis
2097 1102 2432 1147 hortativorum
2577 1103 2583 1161 Ι

416 1171 490 1214 εἶα
521 1172 604 1223 ἄγε
637 1171 769 1226 φέρε]
803 1170 971 1214 eadem
1003 1171 1220 1227 exempla
1251 1172 1315 1215 ΣΙ
1347 1176 1446 1225 949,
1480 1173 1528 1215 et
1559 1173 1623 1215 Σι
1654 1173 1701 1214 in
1735 1172 1771 1215 Ο
1805 1173 1930 1229 apud
1960 1172 2087 1229 Hilg.
2119 1188 2150 1229 p
2188 1178 2254 1219 11,
2304 1173 2458 1217 Latini
2489 1187 2585 1218 om-

416 1254 497 1284 nes
527 1242 631 1286 heia
660 1241 908 1298 proferunt
940 1241 1039 1295 (vel
1071 1241 1185 1296 eia),
1230 1242 1368 1285 multi
1398 1241 1542 1285 etiam
1572 1255 1667 1298 aye.
1704 1267 1749 1272 ——
1786 1243 1858 1287 εἷα
1889 1244 2056 1298 spiritu
2087 1257 2251 1299 aspero
2281 1245 2585 1301 pronuntian-

415 1311 526 1355 dum
559 1303 657 1356 esse
690 1312 859 1355 docent
889 1311 1029 1358 schol.
1062 1311 1235 1355 Veneti
1267 1313 1304 1354 A
1337 1311 1397 1354 ad
1438 1312 1571 1358 Iliad.
1603 1313 1623 1355 I
1654 1317 1758 1356 262:
1799 1315 1856 1357 τὸ
1890 1316 2321 1369 παρακελευςτικὸν
2353 1315 2586 1372 ἐπίρρημα

415 1383 511 1426 ἀπὸ
543 1385 719 1427 τούτου
751 1387 837 1427 τοΟ
871 1383 1125 1435 ςυνδέςμου
1159 1381 1261 1436 (scil
1292 1383 1350 1435 εἰ)
1383 1383 1548 1436 γέγονε
1580 1387 1665 1426 τοῦ
1688 1388 1719 1426 H
1739 1386 2119 1439 περιττεύοντος,
2151 1390 2237 1429 τοῦ
2269 1388 2415 1431 τόνου
2446 1388 2585 1431 ἀλλα-

412 1454 580 1507 γέντος
613 1454 678 1498 εἰς
710 1455 1075 1509 περιςπώμενον
1107 1452 1376 1506 ἀναγκαίως
1416 1455 1492 1496 καὶ
1532 1457 1617 1508 τῆς
1649 1454 1832 1498 δαςείας
1864 1456 2089 1499 Ἀττικῶς
2121 1458 2489 1512 προςελθούςης,
2534 1458 2587 1501 'et

414 1523 764 1568 Choeroboscus
796 1524 1003 1580 orthogr,
1023 1522 1107 1567 AO
1134 1523 1343 1579 1121314:
1375 1525 1470 1569 ἔςτι
1502 1526 1553 1568 δὲ
1585 1526 2076 1580 παρακελευςματικὸν
2107 1527 2339 1582 ἐπίρρημα
2371 1529 2447 1571 καὶ
2477 1528 2585 1583 γρά-

413 1610 556 1650 φεται
585 1596 658 1639 διὰ
689 1600 774 1651 τῆς
805 1601 849 1640 ἐἶ
879 1597 1162 1650 διφθόγγου·
1196 1596 1353 1650 ὥςπερ
1391 1596 1481 1650 γὰρ
1513 1597 1641 1650 παρὰ
1671 1597 1729 1639 τὸ
1760 1597 1844 1651 ῥέα
1874 1597 2055 1650 γίνεται
2084 1598 2188 1652 ῥεῖα
2227 1599 2301 1641 διὰ
2330 1602 2415 1653 τῆς
2447 1601 2491 1643 εἶ
2523 1600 2584 1654 δι-

413 1667 627 1720 φθόγγου
661 1667 779 1710 κατὰ
811 1667 1113 1720 πλεοναςμὸν
1143 1670 1230 1710 τοῦ
1260 1667 1298 1717 ἰ,
1330 1667 1488 1711 οὕτως
1519 1668 1594 1709 καὶ
1627 1668 1722 1711 ἀπὸ
1752 1671 1839 1710 τοῦ
1871 1668 1935 1711 ἕω
1968 1672 2054 1711 τοῦ
2085 1668 2394 1730 ςημαίνοντος
2423 1669 2481 1712 τὸ
2513 1670 2584 1714 ἑκ-

413 1738 587 1791 πέμπω
626 1738 808 1791 γίνεται
848 1739 902 1781 ἔα
942 1739 1016 1781 καὶ
1056 1737 1152 1781 εἷα
1180 1738 1298 1782 κατὰ
1337 1739 1637 1791 πλεοναςμὸν
1677 1739 1812 1782 τοῡῑ
1858 1737 1958 1793 (ubi
1984 1751 2239 1795 vperperam
2270 1739 2448 1784 tradita
2477 1742 2586 1784 sunt

412 1810 476 1852 ἔω
516 1809 568 1852 ἔα
607 1810 716 1861 εἶα).
776 1807 1054 1851 Eustathius
1094 1807 1154 1850 ad
1193 1807 1326 1852 Iliad.
1369 1808 1408 1849 A
1439 1812 1520 1851 302
1551 1823 1582 1865 p
1618 1814 1734 1865 10713
1774 1809 1833 1852 de
1873 1809 1913 1853 εἰ
1943 1811 1993 1852 δ’
2023 1810 2107 1863 ἄγε
2139 1809 2391 1854 disserens:
2432 1813 2584 1868 ἕτεροι

412 1882 487 1923 καὶ
533 1883 678 1923 τοῦτο
726 1884 876 1933 ςχῆμα
921 1880 971 1923 ἐκ
1014 1879 1321 1933 παραλλήλου
1353 1879 1465 1933 φαςί
1504 1881 1615 1934 (non
1648 1879 1894 1936 ellipsim),
1941 1882 2025 1924 δύο
2057 1881 2259 1926 ἐνταῦθα
2291 1881 2584 1937 ἰςοδυνάμων

413 1951 644 2004 κειμένων
676 1951 867 2003 λέξεων,
899 1954 986 1993 τοῦ
1008 1964 1062 1994 τε
1089 1949 1130 1993 εἰ
1159 1952 1652 2004 παρακελευςματικοῡ
1673 1951 1987 2006 ἐπιρρήματος
2020 1954 2095 1995 καὶ
2125 1956 2212 1996 τοῦ
2243 1953 2327 2006 ἄγε
2358 1954 2463 1997 ἀντὶ
2494 1957 2581 1998 τοῦ

413 2021 487 2064 ε’ία
519 2022 601 2074 ἄγε
624 2054 805 2064 ......
831 2022 942 2075 φαςὶ
973 2022 1024 2064 δὲ
1055 2022 1130 2064 καὶ
1163 2021 1236 2064 ὅτι
1266 2024 1413 2064 τοῦτο
1433 2021 1490 2064 τὸ
1523 2020 1563 2065 εἰ
1592 2023 1854 2077 προςλήψει
1884 2026 1973 2066 τοῦ
2004 2025 2035 2066 ἃ
2062 2022 2241 2076 γίνεται
2272 2023 2359 2078 εἴα,
2392 2023 2418 2067 ὃ
2449 2025 2584 2081 δηλοῖ

410 2094 468 2135 τὸ
500 2093 585 2145 ἄγε
617 2093 748 2147 φέρε,
782 2094 857 2136 καὶ
889 2092 1070 2146 ἀρὲςκει
1101 2092 1229 2135 οὕτω
1261 2096 1331 2147 τῷ
1368 2092 1589 2146 Νικάνορι
1620 2094 1694 2136 καὶ
1725 2094 1851 2136 δοκεῖ
1883 2094 2171 2147 κρειττόνως
2201 2094 2357 2138 οὕτως
2387 2095 2512 2149 ἔχειν
2537 2127 2548 2138 .
2571 2127 2582 2139 .

413 2195 542 2210 .....
575 2164 702 2207 δοκεῖ
723 2164 774 2207 δὲ
794 2164 852 2206 τὸ
869 2163 1027 2218 Υῥηθὲν
1051 2162 1123 2206 ε’ία
1147 2164 1503 2216 παροξύνεςθαι,
1536 2163 1602 2207 ώς
1633 2164 1743 2206 κατ’
1772 2163 2020 2208 ἑπέκταςιν
2050 2165 2160 2219 ἔχον
2182 2165 2239 2208 τὸ
2269 2167 2315 2219 ἃ,
2346 2165 2517 2209 ὁποῖόν
2536 2179 2583 2210 τι

410 2236 485 2278 καὶ
506 2235 557 2278 ἐν
577 2239 647 2290 τῷ
669 2233 1004 2288 ναίχι,γίνεται.
1046 2235 1120 2277 ὅτι
1141 2235 1192 2278 δὲ
1212 2234 1270 2277 τὸ
1294 2235 1366 2278 εἴα
1389 2234 1761 2289 ςυνεςταλμένην
1783 2235 1875 2289 ἔχει
1896 2236 1986 2289 τήν
2008 2236 2260 2289 λήγουςαν,
2291 2236 2320 2289 ἡ
2343 2236 2583 2293 τραγῳδία

408 2307 542 2361 δηλοῖ
565 2306 617 2349 ἑν
638 2309 708 2361 τῷ
731 2305 871 2349 «ἀλλ’
891 2306 977 2356 εἴα,
1000 2306 1208 2349 τέκνον»
1223 2303 1365 2360 (Eur.
1379 2303 1748 2359 Phoen.97ON.>
1762 2338 1895 2351 .....
1918 2306 2165 2361 ςημείωςαι
2186 2307 2236 2350 δὲ
2258 2307 2330 2350 ὅτι
2352 2308 2471 2351 κατὰ
2491 2309 2582 2362 τὴν

407 2376 581 2431 τέχνην
603 2376 830 2431 Γεωργίου
851 2375 896 2431 (i.
923 2389 963 2420 e.
986 2377 1107 2419 κατὰ
1127 2377 1218 2429 τὴν
1235 2377 1590 2430 ὁρθογραφικὴν
1621 2390 1661 2418 τ.
1682 2377 1723 2420 Γ.
1744 2379 1831 2419 τοῦ
1849 2376 2176 2431 Χοιροβοςκοῦ)
2208 2381 2582 2432 προπεριςπᾶται

407 2448 465 2490 τὸ
496 2449 640 2503 ῥηθὲν
673 2447 758 2500 εἴα,
793 2447 1015 2491 εἰπόντος
1046 2447 1119 2490 ὅτι
1145 2479 1328 2493 ......
1359 2446 1572 2501 sequitur
1602 2446 1733 2490 locus
1771 2446 1911 2490 modo
1942 2447 2264 2504 transcriptus
2325 2440 2383 2492 de
2414 2447 2582 2504 spiritu

406 2516 679 2560 Eustathius
711 2516 875 2560 diserti
904 2516 1023 2559 nihil
1061 2516 1190 2562 dicit.
1251 2530 1391 2572 quem
1423 2530 1642 2572 asperum
1682 2517 1823 2560 fuisse
1864 2531 1921 2561 ex
1959 2517 2109 2560 latina
2149 2531 2336 2575 quoque
2375 2531 2580 2575 pronun-

407 2586 604 2631 tiatione
644 2586 834 2630 videtur
871 2586 1046 2643 conligi
1084 2600 1232 2643 posse.
1265 2611 1317 2619 —
1349 2588 1402 2630 In
1434 2586 1676 2631 Heliodori
1716 2588 2054 2631 commentario
2086 2587 2300 2643 Dionysii
2338 2589 2485 2633 verba
2512 2588 2582 2634 ita.

409 2657 723 2714 explanantur
754 2657 881 2714 apud
911 2657 1036 2714 Hilg.
1070 2672 1101 2714 p
1138 2662 1210 2701 11:
1243 2659 1309 2702 δι’
1347 2659 1509 2702 αὐτῶν
1546 2659 1636 2713 γὰρ
1676 2659 2115 2713 παρακελευόμεθα·
2156 2661 2275 2712 «ἄγε
2307 2661 2364 2715 δὴ
2396 2660 2579 2715 ταχέως

407 2732 540 2774 τουτὶ
563 2730 859 2784 ςυνάρπαςον
871 2743 896 2774 >>
927 2728 1288 2785 <Aristophanis
1309 2727 1519 2772 Nubium
1540 2733 1754 2773 vers.775
1775 2729 1846 2773 ed.
1864 2729 2093 2786 Bergk),
2113 2741 2139 2774 «
2150 2731 2281 2785 ἄγρει
2302 2731 2405 2784 μάν,
2427 2731 2501 2775 ὅτ’
2520 2731 2580 2775 ἂν

407 2801 522 2845 αὖτε
545 2801 941 2856 καρηκομόωντες
966 2799 1141 2854 Ἀχαιοί
1153 2814 1178 2845 >>
1210 2799 1288 2856 <Η
1308 2799 1437 2855 459>.
1498 2802 1574 2843 καὶ
1590 2800 1681 2855 ’χρὴ
1704 2800 1964 2854 γινώςκειν,
1999 2803 2065 2845 ὡς
2088 2802 2280 2857 εὕρηται
2300 2802 2360 2846 τὰ
2380 2805 2578 2846 τοιαῦτα

409 2873 701 2927 ἐπιρρήματα
721 2871 785 2915 εἰς
807 2873 968 2926 πρόςω
978 2885 1040 2914 πα
1062 2864 1316 2924 κινούμενα
1337 2872 1669 2925 προςτακτιιςά,
1687 2870 1812 2915 unde
1827 2885 1922 2914 non
1939 2870 2234 2925 concludere,
2253 2871 2335 2915 sed
2353 2871 2580 2929 suspicari

407 2945 534 2987 certe
564 2943 679 2986 licet
708 2941 1016 2985 Heliodorum
1045 2940 1190 2985 etiam
1211 2942 1341 2996 ἄγρει
1361 2941 1410 2984 in
1432 2942 1532 2985 arte
1553 2941 1737 2999 legisse.
1769 2955 1855 2986 nec
1877 2941 2029 2986 minus
2049 2941 2162 2986 licet
2182 2942 2360 2987 coicere
2383 2941 2579 2999 Stepha-

407 3028 520 3056 num
541 3012 840 3057 scholiastam
860 3011 985 3056 inter
1015 3014 1401 3067 παρακελεύςεως
1434 3011 1660 3056 adverbia
1688 3011 1921 3055 invenisse
1954 3014 2052 3056 εἶὲν
2081 3012 2470 3059 interiectionem.
2521 3027 2579 3058 ex

406 3083 544 3127 huius
577 3085 699 3127 enim
734 3082 1070 3127 commentario
1101 3083 1151 3125 in
1184 3083 1467 3127 scholiorum
1490 3082 1816 3126 collectionem
1840 3082 2118 3127 Vaticanam
2149 3083 2264 3127 haec
2296 3083 2578 3140 transcripta

408 3156 544 3209 sunt,
592 3154 650 3197 de
697 3154 867 3210 quibus
918 3168 1034 3198 mus.
1075 3153 1285 3200 Rhenan.
1337 3159 1445 3198 1864
1487 3167 1517 3209 p
1548 3158 1604 3198 34
1634 3154 1813 3209 ogisi*
1839 3159 1960 3209 9491:
2011 3156 2092 3199 Καὶ
2131 3156 2188 3198 τὸ
2230 3153 2326 3198 εἷέν
2356 3155 2490 3210 δηλοῖ
2519 3155 2576 3198 τὸ

410 3227 617 3280 πορεύου
665 3227 790 3279 (nam
828 3225 895 3269 sic
935 3225 1230 3284 scribendam
1271 3225 1555 3281 opinabatur
1593 3223 1859 3281 Stephanus
1902 3224 2308 3279 interiectionem,
2355 3224 2414 3269 de
2445 3223 2576 3268 cuius

408 3295 532 3338 iusta
577 3295 808 3351 scriptura
851 3296 1025 3339 iterum
1071 3294 1309 3352 disputavi
1353 3295 1401 3338 in
1447 3294 1740 3339 Fleckeiseni
1785 3295 1951 3339 Annal.
1995 3299 2103 3339 1880
2139 3310 2171 3352 p
2204 3299 2299 3340 789.
2358 3296 2468 3340 ante
2499 3297 2576 3340 καὶ

408 3365 635 3410 nonnulla
665 3366 810 3410 verba
839 3366 1134 3411 intercidisse
1165 3366 1295 3422 puto,
1330 3366 1499 3421 quibus
1529 3365 1587 3409 de
1618 3366 1682 3409 ’ίθι
1712 3366 1786 3409 vel
1819 3368 1903 3420 ἄγε
1933 3365 2166 3422 interpres
2197 3365 2449 3422 disseruit).
2510 3367 2574 3410 ἕω

408 3439 496 3492 γὰρ
527 3438 584 3480 τὸ
617 3442 877 3492 περιπατῶ,
910 3438 954 3482 ἐξ
987 3438 1043 3481 οὗ
1075 3439 1150 3481 καὶ
1182 3437 1306 3481 ὁδός.
1366 3438 1795 3491 παρακελευςτικὸν
1826 3439 1900 3480 καὶ
1932 3437 2292 3491 παραγραφικὸν
2322 3437 2468 3491 λόγον
2497 3438 2574 3494 δη-

409 3510 481 3553 λοῖ
533 3509 916 3562 (παραγραφικὸν
962 3504 1081 3562 UH‚'
1135 3508 1474 3564 περιγραφικὸν
1518 3506 1737 3562 Bekker).
1796 3509 1890 3551 ἔςτι
1937 3508 1985 3550 δὲ
2022 3507 2105 3550 δύο
2145 3507 2261 3562 μέρη
2302 3508 2448 3562 λόγου
2496 3507 2576 3552 (εἴ

410 3581 527 3624 κέν»
571 3581 646 3622 καὶ
693 3584 901 3634 ςυγκοπῇ
941 3582 1026 3622 τοῦ
1068 3593 1093 3622 κ
1134 3579 1199 3623 ὡς
1236 3579 1318 3633 ἐφ’
1357 3577 1462 3621 ἑνὸς
1503 3578 1611 3621 εἶὲν.
1673 3580 1749 3621 καὶ
1789 3579 1872 3622 δύο
1913 3579 2067 3621 τόνοι·
2106 3579 2484 3634 πεπλανημένως
2521 3579 2574 3623 δὲ

411 3749 690 3806 [Lscnonss
728 3749 935 3805 Anmnmi]
1012 3749 1038 3793 1
1071 3751 1146 3793 εἶα
1176 3750 1259 3803 ἄγε
1291 3748 1428 3806 φέρε]
1464 3746 1669 3804 quinque
1703 3746 1919 3804 exempla
1948 3746 2107 3803 habet,
2139 3761 2339 3805 quorum
2367 3748 2572 3805 primum

411 3821 632 3877 exprimit
662 3821 766 3874 ἄγε,
799 3818 998 3863 alterum
1021 3819 1255 3876 significat
1273 3820 1389 3874 sine,
1417 3819 1612 3863 tertium
1641 3819 1797 3863 reddit
1828 3821 1957 3875 φέρε.
2003 3820 2111 3875 post
2130 3820 2247 3874 φέρε
2276 3819 2470 3863 forsitan
2499 3819 2572 3863 in-

414 3892 595 3935 venerit
626 3891 767 3935 etiam
797 3891 859 3934 ἴθι
890 3892 1041 3945 δεῦρο.
1102 3891 1155 3934 ἔα
1188 3904 1295 3934 eum
1325 3904 1411 3947 pro
1444 3891 1519 3934 εἶα
1548 3888 1717 3946 legisse
1748 3902 1842 3933 non
1873 3889 2058 3947 conligo
2090 3904 2146 3934 ex
2176 3889 2324 3934 altero
2355 3890 2570 3947 exemplo

412 3963 673 4006 armeniaco
706 3965 1008 4019 (quamquam
1048 3960 1174 4016 apud
1212 3960 1500 4016 Hesychium
1538 3959 1729 4004 Suidam
1769 3960 1993 4005 Zonaram
2025 3961 2246 4005 occurrit:
2289 3961 2342 4004 ἔα
2371 3961 2451 4015 δή·
2487 3961 2570 4015 ἄγε

411 4034 503 4089 δή),
534 4033 615 4077 sed
646 4032 801 4088 potius
832 4044 1079 4087 perperam
1112 4031 1186 4074 εἶα
1218 4031 1278 4074 ab
1308 4033 1391 4075 ἐᾶν
1422 4031 1655 4074 derivasse
