2814 4400
752 290 832 333 DE
864 265 1320 334 SVPPLEMENTIS
1351 287 1574 332 TERTIO
1606 288 1682 332 ET
1715 288 1964 342 QVARTO
2348 291 2452 337 Lm

293 418 461 471 Paris,
501 417 527 469 Ι
573 436 608 486 p
646 417 750 470 383
797 415 997 485 publici
1043 415 1173 468 iuris
1220 414 1366 468 facta
1410 417 1565 466 erant
1610 433 1741 484 quae
1787 417 1929 469 infra
1975 417 2226 487 leguntur
2264 436 2299 486 p
2338 419 2452 483 117,

292 502 519 566 4-121,
562 501 611 554 9.
676 501 848 554 denuo
886 499 1113 553 contulit
1148 498 1291 551 hunc
1330 498 1564 551 codicem
1601 498 1659 551 in
1695 519 1871 553 meum
1909 519 2061 553 usum
2088 520 2150 555 66
2175 501 2455 571 descripsit

297 604 359 640 ea
394 605 527 656 quae
564 605 599 656 p
629 586 750 653 121,
780 584 1041 653 10-122,
1073 583 1138 636 12
1175 582 1429 653 leguntur
1466 581 1802 636 Henricus
1841 585 2172 655 Lebegue,
2223 586 2452 640 Caroli

295 672 514 725 Graux
553 670 726 741 (cuius
762 671 1098 723 immaturam
1134 670 1363 720 mortem
1399 684 1583 719 omnes
1620 666 1879 738 philologi
1916 671 2209 738 germanici
2247 689 2455 740 quoque

255 768 277 802 ⁵
299 755 567 827 lugemus)
605 755 912 825 discipuluS‚
950 754 1032 807 vir
1068 752 1423 822 peritissimus
1462 754 1516 804 et
1551 751 1684 804 mire
1724 752 2008 808 officiosus,
2069 758 2347 823 praeterea
2386 756 2454 807 ad

293 860 328 910 p
370 840 497 909 117,
533 840 769 910 4-,-122,
810 839 890 892 12.
950 838 1078 906 123,
1115 837 1341 903 6-124,
1378 837 1412 889 5
1465 835 1646 888 addidi
1698 835 1938 890 Chisiani
1990 838 2137 891 misc.
2187 839 2234 891 R
2265 838 2343 892 IV
2391 841 2452 897 11

293 925 611 995 scripturas,
677 925 742 977 de
803 941 906 993 quo
971 922 1258 993 diligenter
1311 924 1365 974 et
1415 923 1570 977 docte
1620 921 1828 974 rettulit
1885 920 2348 991 Mangelsdorf
2355 925 2454 977 ius

292 1028 470 1081 progr.
511 1008 908 1064 Caroliruhensi
945 1026 992 1060 a.
1035 1006 1185 1060 1876.
1261 1024 1397 1076 quae
1435 1009 1615 1060 autem
1652 1006 1710 1058 in
1747 1006 1842 1081 illo
1880 1011 2272 1085 programmate
2311 1009 2455 1062 edita

292 1112 404 1148 non
443 1097 525 1148 est
563 1092 938 1162 descriptionis
974 1091 1169 1161 pedum
1193 1109 1333 1161 pars,
1375 1092 1440 1145 de
1477 1110 1540 1145 ea
1575 1109 1639 1143 ex
1678 1090 1885 1144 schedis
1911 1091 2018 1143 suis
2058 1090 2452 1146 Studemun-

231 1194 272 1226 10
294 1181 409 1232 dus
470 1196 618 1232 meus
681 1196 766 1230 me
822 1177 1126 1230 certiorem-
1166 1176 1311 1232 fecit.
1411 1177 1646 1246 denique
1693 1175 1854 1228 etiam
1912 1174 2161 1228 Vaticani
2223 1177 2456 1231 Palatini

292 1265 362 1317 23
399 1264 652 1316 lectiones
699 1261 899 1314 subieci
937 1280 972 1330 p
1011 1261 1126 1326 121,
1158 1261 1425 1326 10-122,
1456 1262 1547 1327 12,
1599 1278 1728 1330 quas
1774 1260 1971 1313 ibidem
2009 1260 2454 1330 Mangelsdorfius

293 1348 605 1418 protulerat.
697 1349 823 1415 post
877 1347 1117 1399 codicum
1169 1350 1346 1399 autem
1392 1346 1650 1399 lectiones
1687 1346 1746 1398 in
1783 1345 2125 1398 adnotatione
2164 1349 2456 1414 sequuntur

294 1432 683 1502 discrepantiae
722 1434 815 1484 aut
838 1431 1149 1485 testimonia
1187 1431 1411 1484 aliorum
1437 1431 1777 1484 metricorum
1802 1447 2112 1501 graecorum
2140 1430 2452 1484 latinorum-

275 1536 394 1587 ,que
433 1520 486 1570 et
522 1517 782 1570 Armenii.

229 1657 270 1690 15
709 1643 791 1697 De
830 1643 1320 1713 supplementorum
1357 1660 1494 1711 quae
1532 1642 1792 1695 edidimus
1830 1644 2033 1711 quarto,

433 1745 638 1812 Aptum
686 1743 857 1794 visum
904 1744 986 1794 est
1029 1742 1088 1793 in
1135 1741 1520 1810 discipulorum
1569 1759 1724 1794 usum
1769 1759 1954 1794 omnes
2001 1743 2223 1796 τύπτω
2263 1746 2327 1795 et
2363 1744 2454 1796 τί-

291 1834 442 1894 θημι
490 1828 845 1879 verborum
889 1826 1170 1894 formaS,
1220 1844 1352 1895 quae
1400 1828 1465 1878 ab
1515 1825 1897 1879 Theodosio
1935 1828 2258 1896 tractantur,
2305 1828 2456 1880 nulla

290 1912 472 1965 addita
510 1911 889 1981 explanatione
928 1928 1250 1979 componere
1290 1914 1343 1963 et
1391 1911 1544 1980 quasi
1580 1911 1675 1963 uni
1713 1910 1990 1980 adspectui
2026 1911 2278 1965 subicere.
2353 1912 2456 1965 hoc

293 1996 493 2050 factum
553 2014 665 2050 6666
713 1996 822 2049 iam
869 1998 993 2048 ante
1045 1995 1246 2048 exitum
1294 1996 1492 2048 saeculi
1539 1995 1713 2064 quinti
1757 1998 2026 2064 testantur
2072 1996 2338 2049 versiones
2375 2016 2455 2050 ar-

225 2093 270 2126 20
299 2082 542 2135 meniaca
579 2084 632 2134 61,
668 2081 891 2150 syriaca,
931 2098 1155 2149 quarum
1192 2084 1415 2149 utraque
1452 2080 1764 2150 paradigma
1802 2081 1984 2134 τύπτω
2012 2081 2157 2133 verbi
2195 2082 2452 2135 imitatur.

289 2185 419 2238 ergo
459 2167 593 2231 haec
631 2184 750 2231 vox,
791 2183 894 2234 qua
925 2165 1087 2217 etiam
1125 2183 1225 2218 nos
1250 2165 1402 2234 pueri
1430 2166 1495 2217 ad
1522 2165 1784 2218 flectenda
1810 2165 1970 2218 verba
1995 2165 2229 2219 instituti
2256 2185 2452 2233 611111116,

290 2252 357 2305 ab
394 2252 682 2305 Theodosii
718 2250 1049 2319 temporibus
1072 2249 1125 2318 ³¹2)
1163 2267 1274 2301 non
1313 2249 1483 2302 solum
1509 2250 1563 2301 in
1592 2250 1796 2319 graecis
1823 2250 2019 2302 scholis
2044 2251 2321 2321 regnabat,
2362 2252 2454 2304 sed

290 2337 505 2407 subegit
552 2336 812 2388 orientem
857 2352 1082 2404 quoque.
1157 2351 1302 2386 nunc
1340 2334 1540 2388 abolita
1577 2337 1682 2400 est,
1729 2335 1865 2388 sicut
1911 2336 1969 2403 in
2004 2336 2204 2388 nostris
2241 2336 2453 2405 quidem

288 2421 429 2474 ludis
455 2421 573 2490 ipsa
598 2420 914 2473 verberandi
940 2420 1107 2486 66110,
1147 2436 1267 2471 611111
1292 2421 1566 2472 remaneat
1591 2422 1644 2471 et
1667 2419 1982 2489 paradigma
2009 2422 2061 2472 et
2085 2420 2454 2491 paedagogica

225 2516 266 2550 25
290 2506 518 2559 amandi.
984 2556 986 2558 ,
1608 2510 1613 2515 ’

429 2589 638 2643 Publici
674 2589 803 2642 iuris
854 2588 959 2641 feci
1005 2588 1149 2641 hanc
1183 2587 1420 2640 tabulam
1457 2586 1747 2640 flexionum
1783 2588 1931 2641 verbi
1967 2589 2149 2643 τύπτω
2188 2590 2255 2641 611
2292 2591 2452 2644 fidem

289 2675 449 2727 solius
512 2673 705 2727 codicis
762 2672 1196 2741 Monacensis**)
1264 2689 1333 2724 116
1397 2671 1593 2724 additis
1652 2672 1863 2741 quidem
1928 2672 2016 2726 hic
2082 2674 2452 2744 discrepantiis

291 2758 587 2829 apographi
625 2758 918 2812 LeidensiS.
994 2757 1085 2810 sed
1123 2757 1182 2809 in
1219 2757 1410 2825 quibus
1449 2755 1748 2826 discrepent
1784 2758 1946 2826 plena
1985 2776 2248 2811 canonum
2287 2759 2455 2813 Theo-

288 2844 627 2897 dosianorum
674 2843 997 2912 exemplaria
1046 2845 1100 2894 et
1146 2860 1282 2910 quae
1319 2841 1512 2911 legerit
1554 2842 1870 2908 Armenius,
1909 2844 2186 2897 adnotatio
2235 2844 2452 2897 indicat.

226 2940 268 2973 30
289 2929 459 2996 τίθημι
516 2947 638 2982 vero
693 2929 840 2981 verbi
886 2927 1174 2980 flexionum
1219 2926 1457 2979 tabulam
1495 2926 1686 2979 addere
1723 2930 2084 2997 praetermisi,
2135 2929 2259 2997 quia
2294 2929 2475 2997 plane·

290 3013 474 3066 eodem
530 3014 688 3066 modo
734 3012 996 3065 adornata
1043 3014 1146 3076 est,
1202 3011 1402 3063 formas
1451 3013 1628 3063 autem
1672 3012 1815 3081 ipsas
1866 3030 2186 3082 cognoscere
2226 3014 2352 3067 licet
2389 3032 2452 3067 ex

289 3097 582 3151 Theodosii
619 3097 773 3150 libro,

429 3237 578 3292 Haec
625 3240 876 3308 quattuor
922 3237 1287 3307 supplementa
1336 3257 1366 3291 v
1381 3240 1609 3291 etusta
1652 3239 1919 3308 appellare
1968 3257 2249 3308 possumus
2264 3282 2278 3309 ,
2328 3241 2453 3309 quia

290 3323 521 3394 primum
546 3323 763 3377 tertium
791 3328 1036 3392 quartum
1063 3323 1170 3376 iam
1201 3323 1269 3375 ab
1294 3323 1552 3376 Armenio
1582 3324 1916 3394 legebantur,
1945 3325 2177 3393 primum
2198 3328 2454 3392 etsecun-

226 3425 269 3459 35
292 3409 417 3462 dum
442 3410 510 3461 ab
535 3408 915 3462 vetustioribus
940 3407 1238 3462 scholiastis
1263 3408 1632 3478 explanantur.
1686 3408 1855 3462 Ordo
1884 3427 2063 3462 eorum
2090 3410 2225 3463 alius
2251 3412 2308 3463 in
2334 3412 2452 3463 aliis

291 3496 407 3547 erat
432 3493 836 3563 exemplaribus,
892 3493 1177 3546 Armenius
1202 3496 1326 3562 post
1352 3496 1522 3546 artem
1548 3493 1763 3564 legebat
1788 3495 2159 3565 supplementa
2186 3496 2214 3548 I
2239 3495 2321 3548 III
2347 3494 2450 3565 IV;

291 3578 454 3647 Syrus
492 3581 739 3647 quartum
778 3581 933 3632 certe.
1010 3581 1198 3648 postea
1233 3579 1463 3647 primum
1503 3579 1607 3631 arti
1643 3579 2007 3649 praepositum
2045 3587 2139 3649 est,
2179 3580 2317 3649 quod
2342 3581 2449 3632 iam

433 3721 475 3774 *)
506 3719 606 3763 Iam
635 3719 944 3777 Dionysius
975 3720 1063 3764 hoc
1095 3720 1309 3776 exemplo
1336 3719 1483 3764 utitur
1511 3733 1666 3777 neque
1697 3734 1809 3765 vero
1831 3721 1913 3764 ubi
1942 3721 1999 3765 de
2021 3721 2267 3766 verborum
2291 3720 2448 3764 coniu-

290 3790 559 3848 gationibus
591 3790 777 3834 disserit
804 3806 835 3847 p
858 3796 925 3846 54,
949 3797 975 3835 2
1007 3791 1091 3847 (ibi
1122 3791 1289 3836 κόπτω
1330 3792 1400 3835 661,
1430 3791 1699 3847 exemplum
1731 3792 1980 3836 verborum
2020 3791 2199 3848 primae
2231 3790 2451 3848 coniuga-

226 3861 431 3906 4otionis
468 3862 517 3903 in
563 3875 668 3918 πτω
701 3860 1055 3919 desinentium),
1099 3862 1181 3907 sed
1218 3862 1299 3905 ubi
1344 3862 1402 3906 de
1449 3862 1695 3906 verborum
1746 3862 2035 3907 diathesibus
2080 3861 2155 3906 vel
2197 3860 2448 3917 generibus

291 3946 322 3988 p
350 3937 423 3987 49,
447 3936 468 3975 1
500 3931 642 3986 atque
672 3931 755 3975 ubi
786 3931 844 3976 de
875 3933 1079 3978 numeris
1107 3949 1139 3991 p
1161 3937 1229 3988 51,
1251 3938 1291 3976 2.

408 4004 474 4058 **)
506 4002 764 4058 Exscripsit
794 4015 897 4046 eam
927 4002 1202 4061 Hilgardus‚
1244 4002 1525 4060 exscriptam
1564 4016 1670 4047 cum
1711 4004 1870 4050 codice
1904 4003 2053 4047 denuo
2085 4003 2284 4047 contulit
2312 4003 2448 4048 Bur-

295 4087 494 4117 61611116
523 4087 666 4117 meus.
