2808 4394
397 303 496 354 156
1205 283 1417 346 κῨΡιοΝ
1442 325 1493 331 -
1517 293 1762 346 ΜᾹΛΛΟΝ

449 431 695 484 δίφθογγοι
747 429 1025 485 diphthonyi
1073 441 1230 482 verae,
1281 429 1452 474 iustae:
1556 442 1719 473 vocem
1766 430 2135 486 interpretantur
2178 432 2353 477 scholia
2392 433 2440 475 et
2476 432 2557 476 Zo-

450 499 555 543 vide
587 499 645 542 ad
681 504 745 555 10,
779 505 805 543 8
835 500 883 542 in
914 514 943 555 p
978 505 1028 543 11
1555 506 1710 554 naras)

394 571 600 630 κυρίως
638 585 692 615 ea:
730 572 935 628 genuina
973 572 1180 616 vocabuli
1223 572 1454 629 siqnifica-
1498 570 1652 618 κύων
1674 573 1942 629 exemplum
1965 573 2204 617 nominum
2226 573 2410 629 generis
2434 587 2556 618 eom·

451 641 595 696 tione,
641 642 907 699 oppositum
952 648 1334 699 καταχρηστικῶς
1375 643 1453 686 ad·
1556 643 1707 686 munis
1740 648 1812 698 25,
1841 649 1878 687 2⁴

452 712 614 756 verbio
649 717 715 765 16,
741 717 777 758 7.
813 717 884 768 25,
910 717 936 757 8
967 713 1073 768 (hoc
1103 714 1204 759 loco
1233 728 1455 771 perverse
1498 715 1807 771 κωμῳδίαν
1838 718 1876 768 6,
1909 720 1934 758 9

1450 913 1515 974 Α

394 1017 428 1070 ἶ
460 1037 715 1069 consonans
756 1030 827 1079 11,
861 1030 881 1068 1
925 1025 973 1070 et
1003 1030 1042 1072 5.
1095 1031 1165 1080 14,
1197 1031 1237 1074 7,
1299 1026 1459 1070 littera
1551 1026 1724 1080 positio
1754 1032 1822 1081 22,
1846 1032 1893 1079 53
1927 1041 2088 1070 verum
2119 1027 2178 1071 ab
2201 1026 2423 1083 Dionysio
2445 1001 2561 1071 118εό

453 1096 835 1140 characteristica
881 1096 1071 1152 quintae
1122 1097 1457 1152 barytonorum
1558 1110 1651 1140 non
1682 1097 1901 1141 videntur
1930 1097 2106 1153 scripta
2137 1111 2250 1151 esse,
2281 1098 2363 1141 sed
2385 1098 2562 1143 λέξεων

450 1165 794 1224 coniugationis
825 1171 892 1221 56,
924 1174 949 1212 2
1559 1169 1789 1213 ςύνθεςιςε
1822 1167 1929 1212 vide
1961 1167 2190 1212 Addenda
2219 1167 2457 1211 LXXXIII
2487 1174 2513 1212 3

396 1240 615 1293 λαῖλαψ
647 1238 909 1294 exemplum
943 1238 1183 1282 nominum
1214 1238 1457 1282 feminino-
1502 1236 1655 1295 λήγω
1686 1240 1742 1283 de
1774 1238 1902 1284 exitu
1933 1251 2125 1282 vocum:
2166 1240 2287 1295 λήγῃ
2324 1243 2390 1293 18,
2421 1245 2462 1283 3.
2495 1243 2561 1292 19,

451 1324 552 1352 rum
582 1309 630 1351 in
661 1314 697 1364 ῖμ
729 1307 1043 1352 desinentium
1078 1314 1144 1364 16,
1179 1314 1200 1352 1
1561 1315 1581 1352 1
1606 1309 1655 1353 et
1676 1315 1715 1357 3.
1747 1315 1814 1364 20,
1837 1315 1877 1355 5.
1926 1311 2177 1365 ληγόντων
2198 1315 2267 1365 59,
2291 1316 2331 1355 3.
2352 1335 2406 1342 —-
2429 1311 2562 1367 λήγω

395 1382 533 1424 λαλῶ
594 1378 858 1436 exemplum
906 1379 1037 1423 verbi
1096 1381 1155 1423 ab
1205 1379 1458 1435 Apollonio
1561 1381 1828 1437 exemplum
1850 1380 2190 1437 coniugationis
2212 1381 2443 1425 secundae
2461 1394 2564 1424 ver-

451 1451 651 1507 Dyscolo
682 1451 1055 1506 frequentatum:
1089 1451 1149 1495 ad
1180 1455 1249 1502 58,
1285 1456 1310 1493 2
1562 1451 1729 1494 borum
1762 1452 2095 1507 barytonorum
2130 1452 2254 1508 apud
2275 1451 2565 1496 Priscianum

397 1521 687 1580 λαμβάνω.
738 1522 1022 1576 λαμβάνεται
1060 1535 1230 1566 nomen
1269 1521 1460 1566 adiecti-
1562 1521 1778 1577 (Claudio
1795 1521 1996 1579 Didymo
2012 1528 2167 1576 usum)
2185 1524 2234 1566 et
2250 1522 2563 1566 Macrobium:

454 1608 561 1637 vum
594 1594 652 1637 ab
687 1591 842 1636 animo
875 1594 951 1637 vel
974 1606 1167 1650 corpore
1190 1593 1266 1637 vel
1288 1593 1461 1636 extrin-
1564 1593 1623 1636 ad
1653 1597 1722 1646 55,
1755 1598 1863 1636 1-2

452 1680 585 1711 secus
614 1663 933 1709 accidentibus
966 1669 1035 1720 34,
1064 1669 1091 1707 4
1506 1665 1636 1710 λίαν
1666 1664 1930 1720 exemplum
1964 1663 2296 1708 adverbiorum
2316 1663 2565 1709 intentivo-

397 1737 501 1796 λάξ
542 1736 808 1793 exemplum
847 1736 1177 1781 adverbiorum
1220 1734 1461 1792 qualitatis
1561 1748 1664 1778 rum
1695 1739 1764 1788 84,
1799 1739 1815 1777 1

454 1812 522 1864 75,
558 1814 576 1851 1
1506 1808 1748 1866 λιγυρῶς
1778 1806 1924 1863 eleyia
1953 1806 2196 1851 recitanda
2227 1811 2292 1851 est
2321 1812 2360 1861 6,
2394 1812 2447 1851 10

397 1879 542 1937 λέγω
566 1878 833 1933 exemplum
867 1878 1099 1923 secundae
1123 1878 1461 1935 coniugationis
1507 1876 1681 1933 λίθαξ
1711 1877 1973 1934 exemplum
2004 1878 2243 1922 nominum
2265 1877 2564 1923 diminutivo-

455 1951 791 2007 barytonorum
823 1953 964 2005 55,1;
999 1948 1104 1993 vide
1136 1949 1241 1992 adn.
1276 1948 1335 1992 ad
1364 1950 1406 1993 h.
1430 1950 1459 1992 l·
1564 1962 1669 1990 rum
1700 1952 1768 2002 28,
1800 1952 1825 1991 7

456 2023 512 2065 de
535 2021 796 2065 Stoicorum
821 2022 869 2065 et
889 2020 1129 2076 Apollonii
1152 2019 1340 2076 Dyscoli
1362 2035 1460 2066 usu.
1506 2017 1678 2076 λίθος
1695 2020 1967 2076 exemplum
1977 2020 2217 2064 nominum
2238 2034 2404 2079 corpus
2425 2020 2563 2100 signi-

455 2094 580 2147 λέγω
613 2093 765 2145 λέγεις
797 2092 927 2146 λέγει
957 2091 1173 2147 exempla
1193 2091 1335 2134 trium
1357 2105 1461 2148 per·
1560 2090 1800 2135 ficantium
1831 2095 1900 2141 24,
1933 2095 1973 2134 4.

455 2177 673 2207 sonarum
716 2163 763 2205 in
803 2162 988 2207 scholiis
1028 2163 1076 2207 et
1114 2162 1382 2206 erotematis
1414 2164 1463 2206 et
1506 2161 1727 2216 *λογικαὶ
1757 2162 1918 2215 τέχναι
1950 2167 2043 2216 116,
2074 2167 2099 2205 2

456 2234 540 2278 ΒΤ
571 2233 808 2278 codicibus
841 2238 907 2283 51,
941 2237 980 2281 5.
1025 2259 1076 2265 -—
1117 2233 1221 2290 Ipse
1251 2248 1360 2277 usus
1392 2234 1463 2277 est
1507 2231 1676 2290 λόγος
1713 2232 1978 2289 exemplum
2020 2232 2221 2277 nominis
2260 2233 2464 2278 absoluti
2491 2237 2566 2290 44,

457 2306 706 2362 Dionysius
736 2305 862 2349 hisce
892 2305 1025 2349 verbi
1046 2304 1229 2348 formis:
1264 2306 1462 2359 λέγομεν
1565 2309 1604 2352 7.
1635 2333 1687 2340 ——
1722 2305 1743 2328 ’¹‘
1762 2303 2027 2360 exemplum
2057 2304 2314 2360 pyrrhichii
2337 2309 2431 2359 118,
2454 2309 2491 2351 1.
2512 2331 2566 2338 —-

460 2383 525 2434 12,
558 2382 598 2421 4.
660 2378 843 2430 λέγεται
883 2381 923 2431 9,
957 2382 982 2420 3
1013 2377 1062 2419 et
1091 2380 1130 2419 8.
1182 2380 1247 2428 10,
1279 2380 1304 2419 2
1343 2376 1393 2420 et
1421 2381 1463 2422 4.
1562 2387 1706 2421 sermo
1754 2376 1802 2418 in
1853 2373 2129 2418 definiendis
2173 2374 2307 2419 verbi
2358 2376 2568 2432 personis

460 2454 525 2506 12,
563 2453 584 2491 1
627 2449 674 2492 et
711 2453 750 2494 3.
809 2452 874 2501 14,
908 2452 945 2494 7.
998 2453 1064 2501 31,
1097 2450 1135 2493 6.
1194 2447 1462 2503 ῒλέγονται
1563 2451 1639 2500 51,
1671 2447 1803 2490 5ter.
1851 2470 1907 2477 —
1952 2445 2101 2490 oratio
2140 2451 2217 2502 22,
2249 2450 2288 2491 5.
2329 2470 2384 2478 —
2420 2447 2568 2500 λόγου

459 2525 531 2573 11,
564 2524 588 2562 2
627 2531 713 2576 pro
756 2519 952 2572 λέγεται.
1014 2519 1273 2573 λεγόμενον
1314 2523 1389 2572 24,
1421 2523 1462 2563 4.
1566 2519 1702 2573 μέρος
1732 2516 1960 2561 orationis
1981 2529 2099 2572 pars
2128 2521 2197 2572 21,
2229 2521 2268 2560 4.
2307 2521 2378 2572 22,
2410 2521 2451 2560 4.
2496 2521 2566 2571 23,

459 2597 530 2646 38,
563 2596 601 2634 4.
635 2595 704 2643 39,
726 2595 750 2633 2
783 2591 830 2633 et
861 2595 899 2636 3.
934 2594 1001 2642 72,
1026 2593 1066 2636 4.
1127 2589 1372 2642 λεγόμενοι
1393 2593 1460 2640 31,
1566 2595 1601 2636 1,
1624 2590 1656 2645 †
1673 2593 1742 2641 24,
1768 2593 1805 2631 1.
1829 2592 1900 2644 24,
1924 2593 1962 2631 3.
1987 2591 2056 2640 61,
2079 2593 2118 2631 2.
2143 2592 2208 2641 70,
2230 2592 2270 2630 2.
2296 2590 2364 2641 72,
2387 2591 2427 2630 4.
2458 2587 2566 2644 (τοῦ

457 2669 497 2707 2.
561 2662 831 2716 λεγομένων
863 2665 903 2717 5,
936 2666 976 2705 3.
1026 2661 1201 2715 «λεχθέν
1233 2664 1302 2714 25,
1332 2664 1359 2703 4
1563 2663 1604 2704 λ.
1636 2664 1704 2713 22,
1735 2665 1775 2702 4.
1808 2663 1877 2711 23,
1911 2663 1948 2702 1.
1978 2658 2096 2714 †24,
2130 2663 2168 2701 1.
2203 2663 2271 2712 70,
2294 2662 2333 2705 2.
2365 2658 2434 2702 cfr
2449 2657 2566 2714 Ege-

403 2736 575 2792 λεὶβω
607 2731 872 2788 exemplum
911 2732 1092 2787 primae
1125 2731 1462 2787 barytonorum
1562 2729 1682 2774 nolff
1707 2729 1756 2772 in
1777 2728 2068 2773 Fleckeiseni
2083 2728 2335 2772 Annalium
2365 2731 2400 2775 t.
2425 2727 2567 2772 CXIX

459 2802 802 2860 coniugationis
834 2807 900 2857 54,
934 2808 958 2845 2
1568 2806 1676 2845 1879
1707 2814 1738 2856 p
1760 2802 2025 2855 693—698).
2059 2825 2113 2830 —
2144 2800 2230 2843 οὐκ
2251 2799 2568 2854 ἀναςτρέφον·

402 2878 519 2922 λέξις
564 2888 672 2930 vox,
721 2874 1003 2920 vocabulum.
1074 2872 1292 2918 definitur
1334 2872 1463 2917 notio
1565 2885 1647 2916 τος
1690 2875 1778 2915 τοῦ
1825 2871 1971 2924 λόγου
2019 2870 2076 2914 de
2123 2869 2391 2926 enuntiato,
2442 2869 2568 2926 quod

458 2946 655 2991 nominis
697 2950 770 2999 22,
802 2949 829 2987 4
870 2947 918 2988 et
955 2951 976 2974 *
997 2944 1103 2989 XVI
1150 2949 1198 2988 11
1221 2971 1269 2975 —
1292 2949 1358 2991 12.
1417 2944 1465 2987 111
1568 2941 1779 2987 converti
1810 2954 1900 2985 non
1931 2940 2042 2985 licet
2072 2944 2140 2995 38,
2175 2946 2194 2984 1

461 3019 668 3073 quinque
701 3014 921 3060 orationis
954 3015 1167 3072 partibus
1190 3014 1465 3059 definiendis
1511 3012 1684 3060 λοιποὶ
1716 3018 1782 3067 11,
1819 3017 1838 3055 1

464 3091 584 3135 λέξις
615 3087 714 3133 vice
745 3087 960 3144 fungitur
991 3086 1196 3131 notionis
1226 3085 1460 3142 generalis
1507 3086 1528 3110 '⁸'
1548 3087 1730 3130 Λουκᾶς
1752 3082 2018 3140 exemplum
2039 3082 2236 3126 nominis
2252 3082 2570 3140 perispomeni

458 3165 525 3212 46,
559 3165 599 3206 4.
644 3163 711 3210 60,
744 3163 783 3204 2.
829 3162 897 3211 63,
928 3163 966 3205 2.
1009 3162 1074 3210 70,
1107 3162 1148 3201 2.
1188 3162 1257 3212 86,
1290 3162 1330 3202 3.
1377 3158 1463 3201 *ἐν
1565 3161 1661 3207 110,
1695 3161 1720 3199 2
1858 3148 1861 3149 ’

463 3236 539 3288 μιᾷ
579 3231 699 3275 λέξει
737 3229 791 3273 in
820 3242 918 3273 una
954 3241 1058 3273 voce
1090 3233 1190 3282 112,
1222 3234 1261 3273 6.
1321 3230 1465 3283 πεζῆς
1510 3224 1746 3287 λυρικὴν
1775 3225 1960 3281 ποίηςιν
1990 3230 2033 3279 6,
2068 3229 2118 3269 10

461 3303 629 3347 λέξεως
652 3302 859 3345 ςύνθεςις
876 3299 1101 3345 orationis
1109 3299 1337 3355 pedestris
1353 3312 1466 3344 com-

406 3638 449 3687 ῖι·
479 3641 736 3675 consonans
773 3633 846 3682 11,
881 3633 901 3671 1
935 3628 983 3671 et
1014 3631 1056 3671 5.
1100 3631 1173 3679 14,
1207 3632 1246 3674 7.
1312 3626 1468 3670 littera
1569 3628 1614 3679 53
1649 3616 1706 3667 de
1737 3622 1928 3679 syllabis
1959 3621 2110 3679 longis
2144 3626 2212 3676 17,
2242 3627 2269 3666 4
2299 3622 2346 3665 et
2367 3626 2403 3669 5.
2437 3621 2567 3676 *117‚

464 3698 845 3746 characteristica
894 3698 1084 3753 quintae
1131 3698 1467 3755 barytonorum
1568 3700 1663 3739 9—
1684 3700 1785 3749 121,
1819 3699 1845 3738 8
1882 3693 2080 3750 saepius.
2140 3693 2164 3720 '³‘
2183 3693 2358 3748 μακρὸς
2397 3692 2568 3748 χρόνος

467 3769 808 3827 coniugationis
840 3773 907 3823 56,
938 3774 962 3812 2
1571 3772 1663 3822 107,
1693 3771 1732 3810 4.
1783 3766 1975 3820 *μακρὰ
2006 3764 2243 3820 προςῳδία
2276 3767 2370 3817 105,
2399 3765 2568 3821 3.106,

409 3842 489 3899 μά
519 3841 788 3898 exemplum
809 3839 1140 3884 adverbiorum
1161 3839 1464 3884 iurativorum
1567 3846 1607 3884 3.
1639 3843 1735 3893 111,
1767 3840 1792 3880 6

465 3914 789 3971 negativorum
821 3917 893 3969 84,
922 3918 949 3957 4
1513 3907 1762 3968 μάλιστα
1784 3905 2050 3962 exemplum
2067 3905 2397 3951 adverbiorum
2417 3902 2566 3947 inten-

415 3987 595 4042 μακράν
615 3986 664 4029 111
686 3984 1018 4029 adverbiorum
1038 3982 1259 4026 localium
1276 3993 1468 4025 numero
1569 3979 1769 4025 tivorum
1800 3982 1870 4034 84,
1905 3982 1926 4021 1

469 4057 676 4100 referunt
707 4056 986 4101 erotemata:
1018 4053 1078 4098 ad
1109 4056 1177 4107 76,
1210 4058 1234 4096 2
1514 4053 1737 4109 μᾶλλον
1776 4048 2043 4104 exemplum
2079 4046 2408 4092 adverbiorum
2446 4056 2569 4089 com-

418 4124 633 4188 μακρός
665 4128 722 4171 de
754 4125 994 4171 vocalibus
1024 4122 1176 4180 longis
1209 4127 1284 4178 10,
1317 4127 1354 4170 1.
1400 4126 1471 4177 20,
1572 4120 1890 4179 parativorum
1921 4123 1999 4174 83,
2034 4124 2071 4162 1.
2130 4129 2216 4173 pro
2247 4115 2568 4162 coniunctione
