2808 4394
1073 233 1160 276 DE
1191 232 1574 278 PROSODus
2332 241 2427 292 116

110 384 135 414 ι»
161 375 262 408 ⁶⁷⁵1>
285 361 777 427 καταχαράςςωνται
814 362 881 414 τὰ
916 362 1100 428 βιβλία,
1139 366 1300 414 τοῦτο
1338 364 1437 415 νῦν
1476 362 1541 413 οὐ
1579 362 1801 426 γίνεται,
1853 363 1969 415 ἀλλ’
2006 364 2079 417 εἰς
2124 366 2220 419 τὸν
2257 365 2430 419 τόπον

278 449 371 510 τῆς
409 445 580 502 ὀξείας
617 446 675 500 ἐν
712 451 774 515 τῇ
803 446 1052 516 ςυνεπείᾳ
1088 445 1312 498 τίθεται·
1355 445 1473 498 οἷον
1512 445 1628 499 ανθ
1641 464 1862 510 ρωπος
1899 449 2118 502 καλός.
2193 449 2309 502 ἰδοὺ
2347 451 2431 503 ἐν-

278 533 447 583 ταῦθα
483 530 556 583 εἰς
593 532 656 583 τὸ
695 534 805 584 λος
845 531 994 595 ἐτέθη
1030 530 1064 594 ἡ
1101 529 1273 598 ὀξεῖα,
1313 530 1393 583 ὅτι
1432 530 1515 582 ἐπὶ
1553 530 1740 582 τέλους
1778 531 1982 596 εὑρέθη.
2048 534 2143 587 ἐὰν
2183 536 2242 587 δὲ
2280 534 2431 604 εἴπῃς

236 616 485 668 5καλὸς
533 614 913 680 ἄνθρωπος,
965 615 1081 667 ἰδοὺ
1129 614 1236 667 ὧδε
1287 615 1359 667 εἰς
1406 615 1467 666 τὸ
1506 616 1621 665 λος
1659 614 1810 678 ἐτέθη
1847 615 1879 678 ἡ
1920 619 2126 684 βαρεῖα,
2178 618 2258 671 ὅτι
2303 621 2431 682 μετὰ

276 702 458 769 ταῦτα,
478 699 630 765 ἐτέθη
668 701 729 752 τὸ
768 699 1130 770 ἄνθρωπος.
2458 713 2488 758 5

417 783 553 849 Περὶ
588 785 690 849 γὰρ
728 787 819 853 τῆς
856 787 1054 850 μακρᾶς
1093 786 1176 836 καὶ
1219 786 1310 846 τῆς
1359 783 1603 849 βραχείας
1641 783 1739 836 οὐκ
1778 784 1882 836 ἔςτι
1919 790 2017 839 νῦν
2056 789 2229 852 πολλὴ
2269 789 2429 853 χρεία.

278 1064 628 1121 [ΟῙΒΟΒΕΡΑΝΤῙΑ
655 1080 922 1110 scmprvmn
959 1080 1005 1108 m
1040 1063 1334 1120 LGBOHb]
1396 1064 1421 1108 1
1454 1066 1882 1119 καταχαράςςονται
1911 1066 1947 1110 L
1974 1068 1980 1122 Ι
2062 1069 2223 1124 τοῦτο]
2254 1073 2429 1113 τοῦτου

274 1133 344 1190 L¹,
378 1134 461 1178 sed
492 1134 691 1179 alterum
722 1150 750 1180 υ
780 1136 839 1179 ab
861 1134 914 1178 11²
943 1134 1118 1178 lineola
1147 1135 1419 1177 transfixum
1440 1136 1456 1190 ΙΙ
1534 1135 1569 1179 2
1596 1138 1702 1191 post
1734 1136 1834 1180 ἰδοὺ
1866 1136 1959 1179 add
1989 1138 2078 1192 γὰρ
2102 1137 2185 1180 Hb
2207 1139 2223 1193 ΙΙ
2301 1140 2332 1184 3
2365 1141 2429 1184 εἰς

271 1206 329 1248 τὸ
360 1208 440 1250 λος
471 1205 679 1249 ἐνταῦθα
710 1204 842 1249 OHb
877 1208 884 1260 Ι
964 1205 1147 1261 τέλους]
1178 1206 1316 1251 τέλος
1346 1204 1403 1260 L3
1436 1208 1544 1249 ante
1563 1206 1682 1250 hanc
1701 1219 1862 1250 vocem
1883 1207 1976 1251 add
1991 1212 2077 1251 τοῦ
2097 1206 2188 1251 ΟΗ
2217 1210 2233 1263 fl
2310 1210 2388 1253 4-
2399 1210 2429 1256 5

271 1277 390 1329 μετὰ
419 1276 588 1332 ταῦτα]
621 1280 829 1330 μεταῠτα
859 1275 893 1319 L
915 1277 932 1332 ΙΙ
1008 1276 1039 1320 5
1072 1276 1230 1332 ἐτέθη]
1268 1277 1434 1332 εὑρέθη
1465 1275 1578 1330 Hb!
1667 1278 1724 1328 τὸ
1756 1290 1833 1321 om
1856 1276 1944 1321 OH
1967 1279 1983 1333 ΙΙ
2062 1278 2094 1322 6
2124 1279 2234 1334 γὰρ]
2267 1281 2317 1323 δέ
2347 1280 2428 1352 lib

274 1348 280 1402 Ι
341 1347 633 1403 sspaxeiacJ:
662 1345 699 1389 Ο

271 1614 666 1669 [Dlscm-:PAN'HAE
688 1633 745 1660 ετ
770 1631 1049 1660 Tusa-mcum
1068 1619 1491 1671 εοιῑοωοΒ.(Σσλ)
1512 1633 1822 1663 EROTEMATVM
1839 1620 1922 1674 (E)
1943 1632 2150 1670 Aulonvu
2170 1621 2425 1678 scmrrron]

267 1685 396 1729 1-2
423 1688 528 1731 ἀλλ’
559 1688 841 1743 -ῑτίθεται]
875 1691 926 1731 Σ
951 1691 1070 1743 689„
1110 1687 1328 1744 (Porph):
1374 1689 1479 1743 Ἆρ’
1515 1690 1627 1744 οὖν,
1668 1689 1833 1744 φηςίν,
1875 1689 2079 1744 ἐκλείψει
2118 1692 2366 1734 παντελῶς
2397 1692 2426 1744 ἡ

267 1758 452 1812 βαρεῑα;
499 1758 604 1802 ἀλλ’
633 1759 794 1802 οὐκέτι
831 1760 951 1813 φημὶ
989 1761 1159 1812 τοῦτο,
1199 1759 1303 1802 ἀλλ’
1334 1757 1398 1802 εἰς
1429 1759 1517 1802 τὸν
1555 1761 1710 1805 τόπον
1739 1762 1824 1814 τῆς
1856 1759 2006 1803 ὀξείας
2038 1759 2088 1803 ἐν
2117 1764 2175 1815 τῇ
2209 1761 2426 1815 ςυνεπείᾳ

264 1827 458 1872 τίθεται.
482 1853 532 1859 -
565 1830 632 1872 δεῖ
654 1832 922 1884 προςθεῑναι
952 1830 1040 1872 τὸν
1070 1831 1362 1883 τελευταῖον,
1392 1829 1457 1872 ἵν’
1475 1831 1629 1874 οὕτως
1661 1830 1893 1883 εἴπωμεν·
1929 1830 2033 1873 ἀλλ’
2062 1829 2127 1873 εἰς
2157 1831 2245 1874 τὸν
2276 1831 2428 1874 τόπον

264 1901 349 1952 τῆς
387 1898 540 1944 ὀξείας
576 1900 664 1942 τὸν
702 1902 978 1943 τελευταῖον
1016 1899 1067 1942 ἐν
1104 1904 1164 1956 τῇ
1197 1899 1416 1956 ςυνεπείᾳ
1452 1900 1643 1944 τίθεται.
1704 1900 1769 1942 sic
1807 1899 1950 1943 verba
1994 1899 2217 1956 leguntur
2253 1901 2302 1943 in
2331 1900 2426 1943 UH

264 1968 371 2023 (nisi
419 1969 545 2025 quod
589 1969 727 2012 huius
772 1969 1034 2026 apographi
1071 1971 1235 2013 auctor
1263 1983 1348 2026 pro
1379 1971 1521 2026 φηςίν
1549 1970 1719 2013 maluit
1748 1970 1949 2014 scribere
1982 1971 2189 2026 φήςεις);
2222 1970 2310 2015 OV
2340 1973 2426 2015 οὐκ

262 2039 390 2084 ἔςται
420 2043 532 2095 φηςὶ
562 2053 648 2096 pro
679 2040 841 2084 οὐκέτι
870 2042 990 2096 φημὶ
1021 2040 1260 2095 exhibent,
1289 2042 1378 2085 τὸν
1407 2044 1682 2085 τελευταῖον
1711 2040 1806 2083 iam
1836 2041 1884 2083 in
1916 2041 2208 2097 proferendis
2238 2042 2425 2098 supple-

263 2109 411 2152 menti
441 2110 595 2153 verbis
624 2111 731 2166 post
760 2111 911 2155 ὀξείας
942 2111 1176 2166 inserunt,
1220 2109 1390 2155 deinde
1421 2114 1509 2167 γὰρ
1540 2115 1685 2155 τοῦτο
1719 2110 1932 2155 adiciunt
1960 2112 2068 2167 post
2097 2114 2187 2165 δεῖ,
2220 2112 2424 2168 denique

261 2179 660 2235 ἀναγινώςκωμεν
696 2195 782 2238 pro
823 2182 1034 2235 εἴπωμεν
1067 2181 1263 2227 habent.
1323 2182 1460 2236 patet
1497 2182 1683 2236 autem,
1722 2181 1909 2238 opinor,
1949 2182 2093 2226 verba
2120 2184 2228 2237 Ἆρ’
2256 2183 2341 2226 οὖν
2371 2208 2426 2214 -

261 2254 430 2304 τοῦτο,
474 2251 589 2295 licet
627 2251 769 2308 φηςίν
807 2251 1022 2295 additum
1062 2251 1144 2305 sit,
1190 2265 1284 2295 non
1323 2252 1474 2310 magis
1514 2265 1571 2296 ex
1609 2252 1712 2308 ipso
1753 2252 2082 2308 supplemento
2120 2253 2273 2308 petita
2310 2266 2424 2306 esse,

261 2333 402 2376 quam
432 2326 612 2377 685194,
651 2325 741 2378 τὴν
758 2324 915 2367 ὀξεῖαν
932 2347 986 2354 -
1003 2325 1248 2377 ςυλλαβῶν
1281 2322 1408 2378 (vide
1431 2322 1538 2379 adp
1557 2328 1650 2376 107,
1674 2327 1857 2376 6-——109‚
1883 2326 1938 2375 l).
1972 2347 2024 2355 -
2055 2335 2110 2368 σε
2157 2324 2334 2368 δίδοται
2373 2326 2424 2368 δέ

260 2391 289 2444 ἡ
323 2390 483 2447 βαρεῖα
513 2393 565 2436 ἐν
601 2397 660 2449 τῇ
701 2393 920 2449 ςυνεπείᾳ
956 2397 1058 2436 τῶν
1094 2394 1286 2438 λέξεων.
1347 2397 1382 2439 λ
1422 2395 1638 2438 ςυνέπεια
1673 2394 2012 2450 interpretatur
2049 2395 2267 2448 ςύμμιξις.
2327 2396 2423 2439 Eb:

227 2454 233 2455 ⁷
260 2463 396 2506 ποῖός
426 2463 519 2508 ἐςτι
547 2467 634 2519 τῆς
674 2463 856 2518 βαρείας
887 2465 914 2507 ὁ
944 2464 1116 2516 τόπος
1106 2478 1117 2493 ··
1157 2467 1296 2508 πᾶςαι
1334 2465 1381 2508 αἱ
1419 2465 1524 2508 καθ’
1554 2465 1812 2518 ὁμαλιςμὸν
1852 2465 2281 2518 ἀναγινωςκόμεναι
2319 2468 2421 2509 ςυλ-

260 2532 415 2586 λαβαί·
445 2533 624 2578 τίθεται
653 2535 705 2578 δέ
750 2534 838 2577 οὐκ
869 2534 946 2577 ἐπὶ
976 2537 1161 2587 παςῶν,
1206 2535 1326 2578 ἀλλὰ
1357 2535 1435 2579 ἐπὶ
1482 2535 1644 2589 μόνων
1689 2540 1790 2580 τῶν
1837 2537 2259 2591 ὀξυτονουμένων,
2305 2538 2423 2580 ὅταν

262 2604 403 2647 κατὰ
412 2605 662 2650 ςυνέπειαν
690 2605 1119 2658 ἀναγινώςκωνται
1181 2604 1409 2650 Choerob
1442 2605 1499 2650 de
1531 2620 1656 2662 pros.
1691 2611 1835 2661 70727·
1881 2610 2004 2651 πᾶςα
2044 2607 2159 2651 λέξις
2198 2607 2422 2651 ὀξύτονος

259 2673 312 2717 ἐν
340 2679 400 2730 τῇ
432 2674 673 2732 ςυνεπείᾳ,
703 2677 853 2731 ἤγουν
881 2677 933 2720 ἐν
963 2680 1021 2732 τῇ
1053 2677 1237 2731 φρὰςει,
1270 2676 1458 2731 κοιμίζει
1487 2679 1578 2732 τὴν
1607 2678 1763 2722 ὀξεῖαν
1793 2677 1859 2721 εἰς
1889 2680 2080 2731 βαρεῖαν
2411 2680 2423 2733 ῃ

258 2743 353 2788 2—
367 2745 398 2789 5
437 2745 541 2790 οἷον
570 2771 626 2779 -
655 2747 929 2802 ἅνθρωπος]
976 2751 1027 2791 Σ
1054 2751 1151 2801 690,
1186 2746 1401 2802 (Porph)·
1448 2747 1552 2791 οἷον
1598 2750 1664 2792 ὡς
1710 2748 1787 2792 ἐπί
1832 2748 2208 2803 παραδείγματος
2254 2751 2422 2804 (παρα-

257 2815 468 2870 δείγματι
496 2816 545 2860 in
577 2816 702 2873 GV),
737 2817 820 2861 ἐὰν
851 2817 988 2873 ειπῃς
1020 2818 1046 2860 6
1077 2819 1236 2861 δεῖνα
1277 2818 1450 2880 καλὸς
1490 2818 1815 2872 ἄνθρωπος,
1855 2819 1956 2863 ἰδοὺ
1988 2820 2053 2863 εἰς
2084 2821 2141 2863 τὸ
2173 2810 2251 2863 Kc}
2283 2820 2420 2875 ἐτέθη

257 2887 286 2940 ἡ
320 2889 505 2942 βαρεῖα,
537 2888 609 2931 ὅτι
639 2889 759 2942 μετὰ
787 2889 845 2931 τὸ
877 2888 1019 2932 καλός
1052 2888 1219 2943 ἐρρέθη
1251 2888 1308 2931 τὸ
1341 2888 1592 2942 ἄνθρωπος
1625 2890 1806 2944 (ἐρρέθη
1840 2889 1878 2933 U
1900 2891 1950 2933 et
1969 2888 2013 2931 H
2041 2890 2090 2932 in
2114 2904 2208 2946 mg,
2239 2890 2287 2932 in
2319 2903 2420 2933 ver-

229 2956 424 3001 'borum
454 2958 678 3002 contextu
707 2957 752 3000 Η
782 2958 940 3014 ἐτέθη,
972 2957 1102 3002 OVb
1136 2959 1331 3014 ἐρρήθης
1366 2960 1391 3002 ὁ
1424 2959 1677 3014 ἄνθρωπος
1710 2958 1834 3014 UH),
1887 2961 1970 3004 ἐὰν
2001 2961 2050 3004 δέ
2082 2960 2217 3016 εἴπῃς
2248 2961 2419 3005 οὗτος

257 3029 566 3083 ἄνθρωπος
604 3029 802 3083 καλός,
843 3028 909 3073 εἰς
946 3029 1004 3072 τὸ
1042 3020 1124 3073 ›io—c
1156 3033 1362 3074 πεςεῑται
1391 3030 1420 3083 ἡ
1454 3030 1602 3084 ὀξεῖα,
1642 3031 1714 3075 ὅτι
1745 3031 1831 3074 οὐκ
1862 3032 1955 3075 ἐςτι
1987 3031 2231 3086 ςυνέπεια,
2270 3033 2419 3086 ἤγουν

257 3100 345 3154 οὐχ
375 3099 635 3155 εὑρίςκεται
666 3100 783 3152 μετὰ
811 3101 869 3144 τὸ
903 3100 1078 3145 καλός
1108 3101 1243 3155 ἑτέρα
1272 3101 1405 3145 λέξις.
1455 3099 1579 3144 unde
1612 3100 1797 3158 conligo
1828 3114 1913 3156 pro
1934 3101 2076 3144 tertio
2098 3102 2234 3156 ἐτέθη
2267 3101 2351 3156 (lin
2374 3106 2418 3156 5)

255 3169 305 3212 in
335 3169 663 3227 supplemento
695 3169 808 3214 olim
838 3170 979 3214 fuisse
1010 3171 1203 3225 ἐρρέθη,
1241 3182 1335 3213 non
1374 3170 1559 3227 conligo
1589 3170 1883 3215 intercidisse
1916 3173 1941 3215 6
1974 3174 2103 3216 δεῖνα
2133 3172 2242 3215 ante
2275 3173 2417 3216 καλὸς

255 3241 595 3296 ἀνθρωποείι]
636 3240 952 3298 supplementi
991 3239 1230 3284 codicibus
1267 3241 1351 3283 aut
1386 3241 1527 3285 οὗτος
1569 3242 1677 3284 ante
1719 3243 1971 3297 ἄνθρωπος
2010 3243 2167 3286 καλός.
2228 3244 2418 3298 praeter

256 3310 349 3353 alia
386 3311 475 3355 hoc
515 3311 782 3368 exemplum
822 3312 965 3356 καλὸς
1004 3311 1257 3367 ἄνθρωπος
1292 3310 1438 3354 habet
1482 3311 1624 3355 etiam
1658 3323 1703 3356 σ.
1765 3317 1815 3356 Σ
1842 3317 1959 3367 ‘71429
1990 3313 2179 3368 (Anon.)
2220 3316 2418 3369 usurpat

257 3381 437 3437 εἴρηται
474 3383 613 3436 λόγος
653 3383 799 3438 ςοφός
837 3383 887 3426 et
924 3382 1069 3436 ςοφὸς
1108 3382 1287 3437 εἴρηται
1324 3383 1487 3436 λόγος,
1527 3382 1752 3438 Choerob.
1784 3381 1843 3426 de
1872 3396 1998 3439 pros.
2033 3388 2175 3440 70730:
2225 3385 2344 3428 Ζεὺς
2375 3385 2417 3427 δ’

256 3452 360 3496 ἐπεὶ
390 3453 477 3496 οὖν
506 3453 674 3508 Τρῶάς
703 3467 757 3498 τε
788 3453 866 3510 <N
903 3453 970 3510 1),
1004 3454 1147 3499 καλὸς
1177 3454 1430 3507 ἄνθρωπος
1461 3454 1630 3507 ἦλθεν,
1665 3454 1810 3508 ςοφὸς
1842 3455 2094 3509 ἄνθρωπος
2125 3456 2415 3509 παρεγένετο

254 3524 277 3577 ἵζ’
305 3522 337 3569 6
368 3524 475 3577 περὶ
500 3548 542 3563 .-
562 3523 692 3578 χρεία
721 3524 955 3567 testantur
984 3527 1145 3579 Σ6911
1167 3550 1183 3578 4
1205 3551 1236 3579 1„
1260 3522 1452 3580 (Porph)
1487 3529 1587 3581 ’7153
1611 3552 1640 3580 12
1671 3524 1876 3580 (Anon.),
1909 3525 1989 3580 qui
2018 3537 2110 3568 non
2133 3524 2415 3568 dissentiunt

254 3592 343 3635 nisi
380 3592 429 3634 in
467 3592 810 3640 coniunctione.
869 3607 977 3638 nam
1015 3594 1143 3651 apud
1172 3594 1484 3651 Porphyrium
1516 3598 1614 3649 6911
1646 3593 1787 3638 UHO
1825 3596 1914 3649 γὰρ
1951 3595 2202 3652 praebent,
2233 3609 2352 3637 unus
2373 3593 2413 3637 V

256 3662 355 3718 (qui
376 3675 433 3706 ex
450 3662 486 3706 Ο
511 3662 732 3706 oriundus
747 3664 952 3720 videtur)
978 3667 1077 3720 μέν,
1110 3666 1251 3721 atque
1272 3666 1361 3719 γὰρ
1381 3664 1692 3719 Porphyrium
1717 3663 1885 3720 legisse
1903 3666 2046 3709 etiam
2069 3678 2125 3709 ex
2150 3666 2249 3708 eius
2271 3665 2411 3708 inter-

255 3733 521 3788 pretatione
538 3738 656 3789 69119
674 3733 980 3791 conlegerim;
1012 3736 1061 3778 in
1078 3736 1311 3791 Anonymi
1329 3734 1657 3790 explanatione
1675 3735 1718 3778 ei
1749 3735 1945 3789 codices,
1964 3749 2161 3791 quorum
2192 3734 2411 3779 notitiam

255 3805 418 3847 nactus
447 3818 577 3859 sum,
620 3803 716 3846 UH
747 3803 1064 3854 exhibent165.
1128 3807 1215 3861 γὰρ
1247 3804 1327 3861 qui
1358 3804 1608 3858 retinebit,
1654 3818 1747 3848 non
1778 3806 1954 3862 poterit
1980 3820 2073 3850 non
2105 3807 2310 3849 statuere
2341 3806 2410 3848 to-

255 3881 355 3917 tum
389 3875 684 3918 enuntiatum
715 3874 979 3930 profectum
1011 3889 1109 3920 esse
1141 3876 1199 3920 ab
1232 3876 1387 3919 aliena
1417 3889 1574 3926 manu,
1607 3889 1728 3931 quae
1771 3890 1990 3920 excusare
2032 3876 2242 3929 volebat,
2283 3875 2410 3930 quod

254 3944 569 4000 supplementi
601 3946 765 3990 auctor
796 3945 855 3988 ab
887 3946 1158 3989 accentibus
1188 3946 1348 3990 statim
1381 3945 1439 3989 ad
1471 3945 1661 4002 spiritus
1691 3947 2007 4003 transgressus
2029 3948 2112 3989 est.
2158 3957 2193 3990 σ
2213 3944 2330 3987 nihil
2350 3945 2409 3988 de

254 4015 544 4070 temporibus
575 4015 721 4059 habet
749 4016 837 4059 nisi
867 4016 1003 4060 haec·
1036 4017 1188 4072 μακρὰ
1219 4018 1297 4060 ἐπὶ
1327 4021 1427 4059 τῶν
1458 4021 1667 4072 μακρῶν,
1700 4018 1803 4061 οἷον
1834 4008 2044 4072 Ἠρώδῆς
2076 4011 2407 4072 Ἠρᾶκλειδῆς·
