2808 4394
0 0 19 18 ⁷«
27 0 49 19 τ·
57 0 190 30 *ἐτι-*τεῇ*
206 0 215 9 ‘
226 0 229 2 ·

1074 259 1307 323 ἐκφέΡΩ
1330 302 1379 310 -
1402 277 1607 323 ἝΝεκΑ

313 409 416 450 τῶν
446 409 638 460 μακρῶν
668 405 908 460 ςτοιχείων
937 404 1206 459 ἐκφέρηται,
1227 403 1310 446 scil

313 479 343 532 ή
382 477 607 531 ςυλλαβή,
648 475 705 519 de
744 475 896 531 primo
934 473 1072 518 modo
1102 473 1311 528 syllabae

313 547 481 590 natura
516 546 686 603 longae
719 550 783 599 17,
814 550 855 590 5.
898 570 948 577 -
988 545 1311 600 ἐκφερομένην

314 617 374 661 ἐπ
388 618 399 633 ’
427 618 624 672 ἄπειρον
643 619 733 672 τὴν
755 616 1002 672 ἑρμηνείαν
1023 615 1312 672 coniunyunt

313 687 654 732 coniunctiones
683 686 970 742 copulativae
999 690 1068 740 88,
1101 692 1126 730 3

256 753 471 804 ἔλαθεν
499 788 576 803 „2
594 795 622 802 ..
654 758 778 815 apud
808 757 1063 801 Homerum
1092 761 1162 810 22,
1195 761 1219 799 2

257 825 421 875 ἐλαία
452 828 719 885 exemplum
740 827 939 871 nominis
961 826 1174 883 specialis
1194 831 1263 879 44,
1292 832 1307 869 1

262 900 607 944 ἐλαττωτικοὺς
625 899 898 953 ςυνδέςμους
916 896 1059 951 Gaza,
1083 896 1309 952 Lascaris,

315 969 651 1026 Chalcondyles
691 971 861 1013 vocant
898 971 1016 1022 γοῦν
1056 968 1104 1012 et
1139 968 1214 1022 γέ,
1243 967 1313 1010 -ad

312 1044 382 1095 87,
408 1046 491 1084 1-
504 1045 573 1095 88,
594 1045 634 1085 2.
682 1039 751 1083 cfr
771 1038 1008 1095 Apollonii
1028 1039 1149 1094 synt.
1170 1041 1311 1094 26725:

314 1112 501 1167 μείωςιν
547 1112 632 1166 μὲν
677 1112 703 1155 ὁ
744 1112 799 1164 γέ
848 1107 948 1165 (scil
995 1108 1220 1165 ςημαίνει)
1262 1109 1313 1153 ἐν

312 1187 382 1238 τῷ
421 1183 596 1226 «τοῦτό
634 1182 688 1235 γέ
728 1195 803 1235 μοι
833 1180 1060 1235 χάριςαι»,
1100 1179 1157 1223 de
1195 1179 1312 1223 coni.

312 1258 426 1310 517⁸,
459 1253 511 1296 Β.
544 1273 599 1289 =
629 1256 730 1306 2507
751 1250 908 1294 Schn.:
948 1251 1000 1294 ἐν
1037 1254 1108 1306 τῷ
1140 1251 1313 1294 «roo-rc

310 1325 365 1378 γέ
395 1337 470 1377 μοι
491 1324 694 1379 χάριςαι>ξ
715 1322 888 1366 «τοῦτό
907 1322 962 1375 γέ
984 1335 1059 1375 μοι
1080 1322 1313 1377 λάληςον»

312 1395 505 1456 ἔμφαςις
537 1393 672 1448 ἱκανὴ
707 1394 953 1448 μειότητος

254 1465 516 1522 -ι-ἐλάφινος
555 1462 822 1520 exemplum
867 1464 1101 1517 ὀνόματος
1148 1477 1311 1518 μετου·

312 1539 542 1580 ςιαςτικοῦ
574 1540 644 1588 45,
675 1540 701 1578 2

255 1602 560 1663 ἐλάχιστον
591 1608 729 1661 μέρος
758 1610 844 1650 τοῦ
878 1606 1022 1658 λόγου
1053 1609 1120 1658 22,
1152 1610 1179 1648 4

254 1677 438 1730 ἐλεγεῖα
460 1689 553 1731 quo
572 1678 713 1720 'modo
733 1675 975 1720 recitanda
994 1675 1088 1719 sint
1103 1675 1216 1719 dicit
1231 1679 1271 1730 6,
1291 1680 1316 1719 9

255 1749 538 1802 ἐλεγειακός.
600 1747 849 1791 Armenius
893 1746 1090 1790 fortasse
1134 1745 1315 1790 invenit

313 1818 439 1874 apud
469 1818 662 1863 technes
692 1817 988 1862 scholiastam
1009 1816 1130 1861 hanc
1150 1818 1315 1861 adver-

310 1889 496 1934 biorum
527 1888 720 1933 classem
749 1889 992 1946 speciebus
1012 1886 1312 1944 Dionysianis

312 1960 545 2004 additam:
591 1962 649 2004 τὰ
687 1961 737 2004 δὲ
774 1959 1040 2014 ἐλεγειακὰ,
1078 1959 1182 2004 οἷον
1221 1961 1243 2003 ἓ
1279 1960 1315 2004 ἐ.

310 2030 417 2075 vide
439 2031 499 2076 ad
523 2035 590 2086 77,
613 2036 635 2074 1
659 2031 709 2075 et
728 2031 830 2075 Zwr
856 2029 1316 2087 Wiede‘rherstellwny

310 2103 388 2147 des
403 2102 743 2150 c‘iltestenoccid.
757 2101 1002 2158 Compend.
1016 2101 1098 2147 der
1111 2101 1314 2146 Gramm.

310 2187 341 2230 p
374 2179 428 2218 70

253 2245 521 2299 ἐλεγκτικὸς
552 2246 801 2300 ςύνδεςμος
831 2245 951 2289 vide·
970 2245 1054 2289 sub
1087 2246 1311 2290 ἐπιλεκτι-

310 2316 420 2360 κούς

249 2379 436 2444 Ἑλένη
457 2386 723 2443 exemplum
744 2387 943 2431 nominis
970 2387 1183 2431 feminini
1205 2387 1252 2431 in
1282 2389 1315 2442 ἦ

310 2457 565 2502 desinentis
598 2462 662 2512 16,
696 2463 715 2501 1

239 2523 374 2586 ’ἕλιξ
411 2527 676 2584 exemplum
715 2529 933 2582 nominis,
953 2528 1167 2574 feminini
1202 2529 1250 2572 in
1289 2519 1316 2574 Ξ

311 2599 566 2643 desinentis
598 2604 664 2655 16,
700 2606 717 2642 1

255 2667 507 2726 ἐμαυτοῦ
529 2674 599 2728 68,
623 2675 664 2713 2.
687 2662 743 2702 -”
771 2672 995 2726 ἐμαυτός;
1029 2672 1089 2715 ad
1110 2676 1181 2726 68,
1206 2677 1313 2716 1-2

255 2738 514 2798 ἐμμελῶς
566 2742 812 2787 recitanda
858 2747 922 2786 est
967 2743 1119 2799 poesis
1164 2743 1315 2800 lyrica

310 2818 352 2868 6,
389 2819 440 2858 10

254 2885 484 2940 ἐμμέτρου
524 2883 658 2929 codd.
699 2884 952 2928 deteriores
993 2885 1042 2928 et
1087 2883 1314 2928 editiones

312 2959 384 3010 22,
406 2959 432 2999 5
461 2954 650 3006 habent,
684 2955 811 3011 quod
842 2969 900 2999 ex
923 2956 1193 2999 erotematis
1213 2954 1310 3000 Mo-

313 3025 564 3081 schopuliis
593 3024 641 3067 in
673 3026 823 3070 artem
853 3025 1089 3070 invectum
1121 3029 1194 3070 est

257 3092 410 3153 ἐμός.
442 3096 645 3139 citantur
674 3096 762 3141 hae
793 3096 1080 3154 pronominis
1110 3096 1310 3141 formae:

313 3169 425 3223 ἐμός
456 3171 524 3222 65,
559 3172 596 3211 1.
629 3171 697 3222 66,
729 3173 769 3211 2.
801 3172 869 3221 67,
903 3173 925 3210 1
958 3168 1005 3212 et
1033 3172 1074 3211 4.
1108 3172 1175 3222 69,
1209 3173 1233 3211 2
1266 3168 1314 3212 et

312 3243 353 3282 5.
400 3239 490 3295 ἐμή
521 3242 587 3291 66,
620 3243 659 3285 2.
701 3239 816 3293 ἐμόν
846 3243 914 3294 66,
944 3244 983 3282 2.
1026 3239 1141 3294 ἐμοῦ
1172 3243 1241 3294 67,
1274 3244 1313 3283 5.

314 3310 412 3366 ἐμῷ
434 3314 503 3364 67,
525 3314 564 3354 5.
603 3309 716 3363 ἐμόν
747 3314 815 3364 67,
841 3314 880 3352 6.
911 3310 1007 3364 ἐμώ
1039 3314 1109 3364 67,
1140 3315 1180 3353 2.
1213 3310 1314 3365 ἐμοί

314 3384 382 3434 67,
405 3385 446 3424 2.
485 3379 686 3437 denique
708 3382 815 3436 ἐμός
837 3382 1103 3426 vocativum
1126 3380 1316 3437 legebat

312 3457 382 3505 67,
413 3456 440 3495 6
470 3451 761 3508 Heliodorus,
794 3451 902 3496 vide
934 3452 1040 3498 adn.

259 3519 519 3582 ἐμπειρία
550 3528 590 3577 5,
622 3528 647 3566 2

257 3596 584 3649 ἐμπεριεκτικὴ
629 3595 822 3640 διάθεςις
867 3595 1138 3649 verborum,
1186 3595 1315 3638 cuius

315 3664 598 3709 mentionem
637 3664 830 3709 fecimus
870 3666 1042 3720 ad-48,
1078 3671 1098 3708 1
1141 3667 1189 3722 (p
1221 3669 1313 3720 49),

314 3736 378 3780 sic
409 3735 631 3780 definitur
668 3735 727 3779 ab
764 3735 1022 3793 interprete
1061 3735 1174 3780 artis
1205 3749 1312 3780 ano-

313 3820 453 3864 nymo
484 3811 534 3851 Σ
560 3810 701 3861 88524:
741 3807 902 3862 ἐμπερ.
933 3807 985 3851 δέ
1016 3807 1139 3851 ἐςτιν
1170 3809 1198 3861 ἡ
1232 3808 1313 3862 ἀμ-

315 3879 539 3934 φοτέρων
587 3881 690 3921 τῶν
738 3877 987 3921 διαθέςεων
1031 3878 1314 3933 ἐπιδεκτική,

315 3951 379 3993 ὡς
412 3951 506 4004 ἔχει
536 3951 592 3993 τὸ
625 3948 863 4003 «βιάζομαι
893 3949 990 3993 ὑπὸ
1021 3953 1132 3994 ςοῠ>>
1163 3951 1315 3998 καὶτὸ

317 4021 602 4076 «πορεύομαι
631 4021 706 4064 διὰ
737 4019 813 4065 ce»
843 4019 1021 4075 (mittor
1047 4033 1128 4075 per
1157 4022 1230 4075 te).
1262 4021 1316 4062 si-

317 4090 449 4135 milia
487 4090 635 4134 habet
672 4090 879 4135 scholion
916 4090 977 4134 ad
1013 4090 1200 4133 initium
1231 4090 1316 4134 Ar-

2310 279 2405 330 147

1411 401 1762 459 gonauticorum
1798 402 2031 458 Apollonii
2055 403 2139 449 Rh.
2172 418 2204 460 p
2227 409 2307 447 303
2329 402 2409 449 K.:

1414 473 1766 528 Ἀρχόμενος.
1810 474 1906 516 ἀπὸ
1936 478 2232 528 περιεκτικοῦ
2265 475 2409 531 ῥήμα-

1412 556 1495 587 τος
1543 545 1717 597 μετοχὴ
1757 544 2093 598 ἐςχημάτιςται.
2143 546 2411 599 περιεκτικὰ

1412 615 1462 658 δέ
1502 613 1613 658 εἰςιν
1653 614 1736 656 ὅςα
1774 615 1931 670 δρᾶςιν
1961 617 2037 659 καὶ
2069 614 2218 659 πάθος
2249 616 2410 670 ἐμφαί-

1413 697 1592 735 νουςιν,
1632 682 1735 727 οἷον
1774 684 1981 739 βιάζομαι
2019 686 2258 740 δωροῦμαι
2297 699 2411 741 ςφα-

1413 754 1639 810 γιάζομαι.
1673 754 1803 797 οὕτω
1835 756 1911 798 καὶ
1940 755 1997 797 τὸ
2028 755 2227 809 ἄρχομαι
2247 757 2304 799 τὸ
2326 757 2411 810 μέν

1413 840 1458 869 τι
1479 824 1687 881 ςημαίνει
1719 824 1841 868 «ἀπὸ
1866 828 1946 869 coo
1970 826 2059 880 τὴν
2081 826 2229 881 ἀρχὴν
2250 831 2410 871 ποιοῦ-

1415 908 1521 949 μαι>>
1553 927 1785 941 ......
1815 896 1873 938 τὸ
1914 896 1963 939 δέ
1994 909 2038 939 τι
2070 897 2277 951 ςημαίνει
2307 898 2412 953 «ἀρ-

1414 966 1818 1021 χαιρεςιαζόμενος
1848 965 1945 1009 ὑπὸ
1967 970 2095 1020 ςοῦ>>,
2127 967 2232 1010 οἷον
2252 968 2410 1012 ἐνθου-

1415 1040 1527 1082 ςιῶν
1547 1036 1642 1080 ὑπὸ
1666 1039 1760 1082 ςοῠ.
1792 1035 1964 1078 iniuria
1981 1035 2239 1081 Skrzeczka
2254 1052 2411 1095 progr.

1414 1106 1599 1163 Regim.
1634 1109 1742 1151 1858
1772 1121 1804 1163 p
1836 1109 1889 1149 16
1927 1105 2142 1161 opinatus
2173 1109 2242 1151 est
2274 1110 2413 1163 ἐμπε-

1415 1179 1619 1233 ριεκτικὰ
1663 1176 1809 1221 verba
1848 1176 2013 1220 eadem
2053 1190 2152 1221 esse
2193 1191 2311 1233 quae
2352 1180 2411 1223 ab

1415 1248 1582 1293 Stoicis
1614 1249 2001 1293 ἀντιπεπονθότα
2024 1249 2410 1305 appellabantur3

1416 1323 1544 1380 recte
1578 1320 1635 1364 de
1667 1333 1838 1376 genere
1871 1319 2072 1363 activam
2104 1320 2196 1363 vim
2228 1323 2275 1365 et
2305 1336 2411 1378 pas·

1417 1391 1564 1435 sivam
1623 1390 1962 1447 complectente
2021 1390 2248 1435 iudicavit
2296 1392 2410 1437 Her-

1412 1475 1609 1506 mannus
1654 1460 1852 1505 Mueller
1892 1460 1967 1506 De
2009 1462 2248 1517 generibus
2290 1464 2414 1508 verbi

1414 1546 1445 1588 p
1468 1538 1538 1578 43.
1572 1558 1623 1565 --
1656 1533 2010 1588 ἐμπεριεκτικὸν
2032 1533 2184 1587 ὄνομα
2205 1533 2311 1578 vide
2333 1549 2412 1579 πε-

1412 1606 1646 1658 ριεκτικόν

1359 1670 1852 1735 ἐμπεριλαμβανω.
1903 1675 2266 1731 ἐμπεριειληφός
2305 1682 2345 1731 8,
2375 1682 2413 1722 4.

1413 1746 1862 1801 ἐμπεριειλημμένου
1894 1749 1962 1799 26,
1993 1750 2017 1788 7

1357 1825 1534 1888 ἔμπης
1564 1830 1830 1886 exemplum
1850 1829 2226 1875 coniunctionum
2249 1832 2414 1876 adver-

1416 1902 1673 1945 sativarum
1705 1906 1799 1955 100,
1832 1906 1856 1944 2

1362 1985 1658 2040 *ἐμπίπτειν.
1710 1987 1798 2030 τὸν
1837 1987 2131 2041 ἐμπίπτοντα
2162 1988 2286 2031 πόδα
2321 1993 2414 2042 123,

1416 2062 1454 2100 2.
1486 2083 1541 2088 -
1581 2056 1917 2113 [ἐμπεπτωκός
1946 2070 2194 2113 perperam
2220 2072 2306 2115 pro
2337 2074 2415 2104 πε-

1420 2129 1615 2173 πτωκός
1645 2128 1871 2184 scriptum
1903 2128 2126 2172 exhibent
2155 2130 2418 2185 complures

1415 2201 1559 2244 testes
1589 2204 1656 2252 26,
1691 2198 1737 2256 7]

1358 2267 1636 2329 ἐμφαῖνον
1663 2275 1734 2322 42,
1771 2277 1791 2313 1

1358 2338 1419 2388 ἐν
1466 2340 1754 2399 praepositio
1798 2340 2122 2396 monosyllaba
2171 2347 2310 2404 71„2.
2360 2368 2415 2376 —

1415 2414 1687 2468 usurpatur:
1717 2416 1758 2466 6,
1792 2418 1818 2456 3
1849 2413 1898 2455 et
1922 2416 1987 2454 15.
2020 2416 2060 2465 7,
2089 2419 2107 2456 1
2133 2414 2220 2459 bis.
2253 2418 2296 2470 8,
2323 2419 2343 2457 1
2367 2416 2418 2458 et

1416 2489 1456 2527 2.
1493 2488 1558 2536 10,
1593 2487 1632 2526 7.
1668 2487 1735 2536 12,
1767 2488 1806 2526 2.
1844 2487 1909 2537 14,
1939 2487 1965 2526 s
1991 2481 2072 2526 bis.
2105 2478 2174 2538 28,
2207 2490 2248 2530 4.
2281 2490 2350 2535 36.
2376 2491 2415 2533 5.

1414 2559 1483 2609 42,
1519 2559 1557 2598 1.
1592 2559 1659 2608 το,
1690 2558 1726 2596 2.
1762 2558 1829 2607 76,
1862 2559 1887 2596 2

1358 2639 1744 2693 ἐναντιοφώνους
1781 2642 2069 2695 διφθόγγους
2106 2640 2304 2686 fortasse
2333 2657 2414 2686 no-

1414 2711 1615 2754 minatas
1660 2710 1852 2767 legebat
1896 2727 1956 2767 ηυ
2004 2728 2073 2757 ωυ
2119 2729 2164 2759 ur
2211 2714 2260 2757 in
2303 2714 2416 2758 artis

1418 2781 1595 2826 scholio
1625 2781 1893 2826 Armenius:
1928 2782 1988 2827 ad
2022 2789 2086 2838 10,
2117 2791 2144 2830 8

1359 2864 1872 2924 ἐναντιωματικούς
1893 2870 2172 2924 ςυνδέςμους
2203 2871 2416 2915 coniunc-

1412 2938 1558 2983 tiones
1587 2939 1902 2986 adversativas
1939 2945 2027 2993 100,
2051 2946 2075 2983 2

1358 3020 1623 3081 ἐναντίως
1653 3030 1725 3080 39,
1755 3029 1781 3068 3

1358 3091 1697 3156 ἐναρμονίου
1735 3101 1903 3152 φωνῆς
1942 3101 1981 3151 6,
2014 3102 2067 3141 15
2113 3098 2227 3141 falso
2273 3098 2415 3143 inter-

1414 3166 1628 3222 pretatur
1648 3170 1698 3210 Σ
1717 3171 1855 3224 75423:
1877 3169 2152 3224 ἐναρμόνιος
2173 3171 2415 3214 τουτέςτιν

1414 3238 1651 3292 ἔναρθρος,
1682 3239 1710 3291 ἡ
1735 3239 1831 3282 ἀπὸ
1853 3239 2058 3284 διανοίας
2079 3240 2413 3297 ἐκπεμπομένη

1416 3310 1491 3352 καὶ
1523 3308 1587 3353 εἰς
1618 3309 1828 3353 διάνοιαν
1859 3310 2173 3367 ἀνερχομένη,
2204 3325 2290 3356 nec
2319 3302 2415 3356 ma-

1415 3378 1486 3435 gis
1517 3380 1643 3424 recte
1676 3384 1724 3423 Σ
1751 3379 1908 3424 Goettl
1940 3386 2049 3437 6018:
2090 3383 2413 3438 ἐγγράμματός

1416 3464 1470 3494 τε
1508 3453 1584 3494 καὶ
1613 3452 1850 3507 ἔναρθρος.
1897 3454 2040 3509 immo
2071 3467 2182 3497 vero
2212 3459 2284 3498 est
2312 3468 2414 3507 vox,

1417 3534 1537 3575 quae
1567 3521 1615 3564 in
1645 3521 1891 3567 harmonia
1921 3525 1990 3568 est
2019 3522 2095 3567 vel
2122 3524 2414 3568 harmoniam

1416 3593 1574 3648 habet,
1607 3605 1662 3637 eo
1694 3593 1922 3649 effectam,
1956 3594 2081 3650 quod
2110 3608 2204 3638 una
2231 3595 2414 3652 syllaba

1417 3665 1554 3709 acuto
1586 3676 1721 3719 sono,
1753 3667 1937 3710 ceterae
1965 3665 2181 3722 graviore
2210 3680 2412 3724 pronun·

1414 3735 1592 3780 tiantur

1359 3802 1665 3864 ἐνδεούσης
1695 3809 1898 3853 διανοίας
1929 3810 2220 3865 imperfectae
2240 3814 2413 3854 senten·

1414 3878 1509 3922 tiae
1539 3882 1579 3932 7,
1612 3883 1635 3923 7
2416 3871 2422 3878 ’

1360 3943 1524 3994 ἕνεκα
1554 3948 1755 3994 refertur
1784 3950 1831 3995 in
1861 3965 2105 3996 numerum
2129 3952 2411 3997 coniunctio-

1416 4034 1528 4063 num
1558 4022 1814 4066 causalium
1844 4023 1903 4066 ab
1925 4022 2148 4078 Dionysio
2179 4024 2227 4066 et
2247 4023 2413 4067 ceteris

1417 4090 1642 4138 technicis
1673 4093 1886 4137 omnibus
1924 4095 2088 4151 (usque
2128 4093 2188 4137 ad
2220 4093 2414 4151 Chryso-

1992 4164 2078 4208 10*
