2808 4394
371 282 517 327 XCVI
1039 279 1337 324 ADDENDA
1368 281 1447 324 ΕΤ
1480 280 1878 325 CORRIGENDA

514 412 578 463 ad
619 410 714 478 80,
744 412 798 465 1.
836 409 957 462 vide
997 427 1160 479 supra
1198 411 1263 462 ad
1305 410 1386 474 78,
1420 413 1462 461 l.

514 568 578 619 ad
618 567 718 636 80,
744 566 905 621 2-3.
980 569 1059 622 Τὰ
1095 571 1155 622 δὲ
1194 570 1466 635 εἰκαεμοῦ,
1517 567 1637 621 οἷον
1686 567 1840 619 ἰ’(ωε
1879 567 2044 632 τάχα
2081 570 2294 634 τυχόν.
2369 570 2447 622 Τὰ
2485 571 2544 622 δὲ

371 655 592 722 τάξεως,
641 653 763 707 οἷον
812 655 958 719 ἑξῆς
1006 656 1244 720 ἐφεξῆς
1292 650 1517 721 χωρίς]
1570 649 1635 706 S:
1691 655 1757 706 τὰ
1804 655 1863 705 δὲ
1910 652 2178 718 εἰκαεμοῦ,
2230 654 2352 723 οἷον
2401 655 2546 732 ῐςόαν

372 746 463 806 (=
485 740 685 808 χωρίς),
715 737 802 809 tax
830 743 920 806 (=
940 738 1115 809 τάχα).
1168 756 1296 809 ergo
1323 739 1471 791 deest
1495 756 1692 790 nomen
1720 737 2092 790 adverbiorum
2120 738 2544 792 ordinativorum

371 828 532 892 atque
568 826 775 876 nomini
812 824 994 878 classis
1022 825 1284 877 coiciendi
1310 825 1550 876 subiecta
1576 823 1828 893 leguntur
1856 822 2163 875 adverbium
2191 824 2544 877 ordinationis
2588 840 2609 871 ⁵
2657 822 2660 824 ⁷
2701 865 2707 870 .

370 914 423 960 et
450 927 552 960 vox
590 910 981 982 coniecturalis,
1042 909 1268 979 denique
1293 913 1418 978 post
1453 908 1542 977 ‚ifex
1578 909 1804 960 adicitur
1829 909 2047 960 tertium
2074 909 2376 978 exemplum
2402 909 2545 978 quod

370 990 510 1046 idem
558 1014 621 1047 ac
677 997 896 1049 ποεάκιε
954 996 1235 1064 significat.
1317 1013 1453 1064 quae
1502 1013 1602 1048 vox
1654 994 2035 1062 cognationem
2087 998 2227 1046 certe
2278 995 2547 1063 quandam

370 1081 533 1132 habet
571 1099 690 1133 011111
730 1081 997 1133 adverbiis
1036 1081 1255 1133 ordinis,

513 1251 576 1304 ad
602 1242 728 1319 '81,
759 1251 788 1304 l
843 1251 1094 1318 [DISGR.
1135 1250 1615 1318 SORIPTVRAE]
1665 1250 1854 1303 Falsus
1901 1270 2017 1303 suni
2066 1252 2129 1303 (16
2178 1251 2387 1320 origine
2435 1269 2547 1304 cor-

370 1338 629 1405 ruptelae,
659 1356 765 1405 qua
791 1339 847 1389 in
870 1337 915 1389 G
944 1337 1126 1389 codice
1157 1338 1279 1391 οἶον
1303 1355 1403 1389 vox
1422 1337 1670 1388 mutilata
1697 1340 1788 1388 est.
1845 1338 1960 1388 vide
1982 1338 2146 1405 praef.
2169 1335 2351 1389 XXXI
2371 1337 2458 1391 28.
2480 1369 2547 1375 -
2569 1353 2612 1384 10

370 1422 632 1490 Exempla
681 1422 1053 1474 adverbiorum
1102 1424 1394 1487 ἀθροίεεωε
1446 1422 1605 1473 6116111
1667 1422 1807 1489 apud
1859 1419 1898 1476 S
1947 1424 2051 1474 tria
2096 1428 2237 1474 sunt.
2314 1423 2547 1491 primum

370 1508 643 1577 significat
689 1509 943 1561 universe.
1021 1525 1271 1577 graecum
1318 1507 1551 1575 primum
1598 1525 1709 1558 non
1755 1506 1921 1558 fuisse
1959 1509 2154 1574 ἄρδην,
2203 1509 2292 1560 sed
2334 1508 2548 1574 ἀθρόως

371 1593 576 1644 conieci
604 1592 667 1644 Z.
684 1592 1209 1660 Wiederherstelluny
1237 1594 1375 1660 1177.
1412 1624 1463 1629 —-
1503 1592 1635 1644 Post
1667 1593 2033 1661 congregandi
2059 1592 2281 1645 classem
2309 1596 2548 1663 sequitur

371 1679 512 1747 apud
562 1679 787 1730 eundem
836 1678 1038 1747 species
1088 1679 1257 1730 altera
1306 1678 1679 1730 adverbiorum
1727 1677 1996 1729 localium.
2075 1679 2140 1730 de
2175 1679 2396 1731 nomine
2435 1680 2548 1732 eius

368 1764 489 1816 vide
532 1763 722 1815 Merxii
761 1764 1068 1815 editionem.
1135 1763 1379 1832 exempla
1417 1764 1752 1832 significant:
1793 1764 1955 1830 ultra,
1996 1764 2061 1816 ab
2101 1781 2155 1817 eo
2194 1768 2241 1816 et
2275 1765 2436 1831 ultra,
2475 1765 2546 1819 'ab
2570 1778 2611 1811 15
2658 1827 2662 1830 .

369 1867 424 1902 eo
463 1853 509 1900 et
546 1849 801 1915 amplius,
852 1867 988 1917 quae
1035 1851 1278 1901 conferre
1321 1850 1444 1900 11061
1482 1867 1598 1900 611111
1641 1849 1715 1900 618
1754 1866 1889 1917 (11166
1928 1848 1992 1900 ad
2031 1851 2212 1918 topica
2250 1850 2364 1903 ἄνω
2402 1851 2546 1904 κάτω

370 1934 432 2003 (p
476 1936 559 1998 76,
587 1935 643 2004 2)
682 1934 921 1986 adiciunt
959 1938 1253 1986 erotemata
1294 1934 1650 2002 Dionysiana:
1690 1935 1878 1999 πόρρω
1918 1935 2178 1988 ἐπέκεινα.
2471 1931 2478 1936 ’

513 2105 575 2156 6(1
616 2105 709 2173 82,
741 2106 793 2159 1.
857 2108 922 2160 τὰ
953 2108 1011 2159 δὲ
1050 2107 1514 2175 παρακελεύεεωε]
1556 2102 1594 2160 S
1622 2106 1884 2158 adiectivo
1912 2107 2083 2158 utitur
2109 2106 2247 2175 quod
2277 2107 2548 2178 significat

370 2192 836 2256 παρακελευετικά.
901 2191 1107 2244 Deinde
1146 2210 1237 2243 sex
1276 2191 1519 2260 exempla
1558 2191 1738 2256 habet,
1779 2209 1914 2260 quae
1941 2192 2124 2244 valent
2161 2192 2345 2245 eadem
2386 2197 2547 2262 atque

369 2279 498 2343 sine,
540 2277 662 2346 ἄγε,
701 2279 861 2345 φέρε,
901 2279 940 2344 i,
979 2280 1120 2344 veni,
1166 2278 1271 2344 fac.
1350 2296 1470 2330 cum
1508 2277 1593 2328 his
1633 2277 1935 2329 armeniaca
1972 2277 2013 2329 si
2054 2277 2375 2345 contuleris,
2416 2278 2547 2331 veri-
2570 2292 2613 2324 20

370 2363 560 2429 simile,
601 2363 810 2431 opinor,
848 2363 951 2415 tibi
989 2362 1271 2426 videbitur,
1312 2366 1594 2431 utrumque
1635 2363 1983 2431 interpretem
2023 2367 2146 2432 post
2182 2365 2316 2431 φέρε
2355 2364 2547 2435 legisse

370 2448 442 2501 ἴθι
473 2452 651 2514 δεῦρο.
717 2447 906 2500 deinde
934 2448 1227 2500 coniecerit
1252 2448 1516 2517 quispiam
1544 2466 1607 2500 ex
1634 2448 1831 2516 syriaci
1857 2448 2016 2516 primi
2044 2448 2272 2519 exempli
2300 2452 2352 2502 61
2379 2467 2540 2503 arme-

371 2534 513 2586 niaci
552 2534 773 2586 secundi
812 2537 1090 2598 00110611111,
1131 2534 1196 2585 ab
1235 2537 1459 2603 utroque
1499 2534 1696 2585 lectum
1735 2551 1849 2586 esse
1887 2551 1999 2586 non
2037 2533 2123 2587 εἶα
2162 2534 2250 2587 sed
2291 2535 2368 2599 ἔα,
2408 2534 2550 2605 quod

371 2620 547 2688 ipsum
603 2637 813 2687 quoque
867 2619 1197 2671 hortativum
1247 2620 1409 2671 fuisse
1463 2619 1656 2671 docent
1703 2618 2003 2688 Hesychius
2058 2617 2250 2672 Suidas
2298 2619 2547 2674 Zonaras.

371 2709 428 2756 at
466 2704 626 2757 etiam
666 2704 768 2757 hoc
806 2705 1032 2774 cogitari
1069 2691 1263 2773 potest,
1304 2708 1357 2757 et
1387 2706 1701 2756 Armenium
1740 2707 1795 2757 et
1821 2703 2011 2773 Syrum
2051 2705 2136 2759 εἶα
2163 2724 2443 2775 perperam
2481 2706 2548 2759 ab
2571 2718 2614 2752 25

372 2791 467 2845 ἐᾶν
506 2790 667 2842 verbo
705 2790 1044 2843 derivavisse.
1120 2790 1241 2842 vide
1280 2790 1525 2860 Append.
1566 2809 1600 2859 p
1639 2789 1735 2843 lV.

516 2964 582 3014 ad
609 2961 704 3031 83,
735 2965 786 3018 1.
844 2965 1083 3018 concinit
1108 2958 1163 3028 S,
1192 2963 1297 3015 nisi
1317 2962 1461 3032 quod
1481 2981 1578 3033 pro
1605 2963 1920 3029 ευγκρίεεωε
1947 2964 2212 3017 convertit
2238 2965 2548 3032 ευγκριτικά.

516 3123 582 3174 ad
611 3121 706 3191 83,
734 3123 788 3176 2.
842 3123 1170 3193 ἐρωτήεεωε]
1197 3122 1561 3188 ἐρωτηματικά
1590 3118 1647 3175 S.
1699 3125 1996 3190 sequuntur
2023 3122 2259 3191 quinque
2286 3123 2547 3192 exempla,

373 3207 510 3258 sicut
531 3209 671 3277 apud
694 3208 1025 3273 Armenium,
1053 3207 1519 3290 quaeosignificant
1538 3208 1725 3273 πόθεν,
1754 3207 1966 3277 πηνίκα,
1991 3211 2126 3275 πῶς,
2152 3209 2258 3276 ubi,
2278 3208 2547 3276 quomodo:

522 3366 587 3418 ad
626 3366 721 3434 84,
752 3366 803 3419 1.
881 3367 1061 3418 classis
1101 3366 1392 3419 ἐπιτάεεωε
1429 3363 1570 3432 apud
1610 3328 1659 3418 S*
1689 3363 1792 3415 duo
1833 3363 2077 3432 exempla
2115 3363 2291 3417 habet.
2571 3389 2614 3422 30

517 3523 578 3575 ad
639 3523 742 3589 84,
781 3523 834 3576 3.
928 3525 1244 3589 (υλλήψεωε
1299 3522 1523 3575 classem
1575 3538 1641 3572 116
1699 3517 1738 3574 S
1797 3519 2015 3588 quidem
2072 3519 2335 3589 agnoscit.
2434 3519 2551 3573 vide
2791 3551 2808 3597 ,ᾗ

374 3609 439 3663 Ζ.
477 3608 997 3677 Wiederhers'tclluny
1036 3628 1068 3677 p
1109 3610 1191 3660 71.
2796 3603 2808 3679 {³

518 3766 581 3818 ad
609 3765 706 3833 84,
733 3764 822 3818 4-—
844 3765 897 3818 5.
950 3784 1109 3818 unam
1130 3768 1339 3818 tantum
1364 3763 1594 3832 speciem
1625 3762 1998 3815 adverbiorum
2027 3764 2383 3817 iurativorum
2408 3762 2549 3833 apud

378 3850 416 3906 S
447 3852 692 3921 legimuS‚
720 3851 849 3903 item
875 3869 1038 3903 unum
1070 3850 1390 3920 exemplum.
1455 3848 1597 3918 quod
1624 3851 1934 3917 corruptum
1963 3853 2057 3902 est.
2121 3850 2242 3903 vide
2270 3848 2551 3905 Merxium.

520 4009 583 4059 ad
624 4008 718 4075 85,
749 4007 803 4061 l.
867 4009 1219 4080 βεβαιώςεωε]
1261 4007 1636 4076 confirmantia
1663 4002 1719 4059 S.
1785 3975 2026 4075 exempla
2054 4007 2157 4059 duo
2184 4005 2548 4075 proferuntur,
2573 4025 2614 4059 35

379 4112 603 4161 quorum
644 4095 793 4162 prius
830 4092 1115 4162 respondet
1150 4096 1353 4159 δηλαδή
1389 4091 1658 4155 adverbi0‚
1699 4090 1925 4143 alterum
1962 4091 2232 4160 significat
2257 4096 2438 4145 notum
2462 4095 2548 4146 est.
