2814 4400
315 242 421 286 LVI
1171 239 1587 286 PROLEGOMEN
1590 242 1632 285 A

317 370 476 424 XVH
513 369 584 441 (v,
624 387 786 438 supra
823 388 858 438 p
885 368 1056 440 XIX),
1097 387 1281 423 verum
1319 370 1498 439 legere
1534 369 1591 422 in
1628 368 1731 423 hoc
1769 388 1879 422 non
1918 371 2027 423 iam
2075 370 2272 425 licebat
2307 372 2357 425 ei
2394 373 2485 443 qui

318 456 631 508 Leidensem
680 454 918 507 exaravit
968 455 1037 525 (v.
1085 475 1120 524 p
1157 455 1370 508 XXVII
1406 455 1654 527 27—36).
1740 455 2010 524 incipiunt
2057 461 2197 511 πᾶεα
2243 458 2486 523 πρόθεειε

322 544 431 595 ἀπὸ
470 542 790 607 φωνήεντος
828 541 1098 608 ἀρχομένη
1138 545 1390 607 ψιλοῦται
1428 543 1568 607 πλὴν
1605 545 1697 606 τῆς
1734 542 1842 595 ὑπό
1879 542 1966 595 καὶ
2002 541 2152 607 ὑπέρ.
2212 545 2482 595 mutuatus

319 630 497 679 autem
537 628 619 678 est
657 625 758 678 hoc
784 643 995 694 quoque
1021 626 1341 678 breviarium
1377 626 1904 696 pneumatologicum
1930 625 2022 695 qui
2048 626 2266 679 Arcadii
2290 626 2485 680 librum

318 710 628 763 vicesimum
667 710 991 780 composuit:
1029 730 1064 779 p
1097 710 1369 764 196-227
1409 710 1572 763 Bark.
1611 710 1892 763 222-227
1931 710 2108 764 Schm.
2527 727 2549 760 5

458 794 608 849 Haec
646 795 1048 865 supplementa,
1088 796 1132 848 si
1169 796 1421 865 Asclepio
1457 795 1717 865 placebit,
1757 795 1890 848 alias
1928 796 2096 850 edam.

459 1079 525 1133 In
574 1080 716 1133 calce
764 1079 1113 1149 praefationis
1162 1079 1368 1150 gratiae
1417 1080 1505 1151 agi
1554 1079 1744 1134 solent.
1820 1079 1958 1149 quod
1996 1079 2233 1134 officium
2271 1096 2392 1134 cum
2428 1080 2487 1133 in

318 1184 505 1219 omnes
543 1166 654 1219 fere
693 1166 923 1218 editores
962 1165 1106 1218 cadit
1142 1168 1256 1217 tum
1294 1166 1353 1218 in
1391 1167 1588 1218 memet
1624 1165 1821 1235 magis,
1860 1166 2075 1235 opinor,
2114 1184 2273 1236 quam
2309 1166 2368 1218 in
2404 1183 2486 1218 ce-

317 1255 513 1321 teros·
575 1269 639 1304 ac
675 1250 1222 1319 bybliothecariorum
1269 1251 1482 1319 quidem
1530 1251 1774 1315 nomina,
1833 1247 1923 1319 qui
1971 1250 2075 1304 huc
2121 1252 2484 1305 transmittere

316 1337 483 1390 libros
520 1355 684 1389 manu
723 1337 950 1405 scriptos
994 1335 1405 1404 pretiosissimos
1453 1353 1521 1387 ne
1557 1335 1792 1388 incendii
1830 1336 2040 1405 quidem
2075 1335 2363 1390 formidine
2401 1337 2486 1390 de·
2510 1352 2552 1384 10

317 1422 494 1475 territi
532 1421 820 1493 sunt,·iam
858 1439 1019 1490 supra
1056 1420 1374 1490 praedicavi.
1450 1437 1540 1472 eos
1579 1437 1788 1488 quoque
1814 1421 1975 1491 virOS,
2015 1422 2105 1490 qui
2143 1422 2490 1476 contulerunt

315 1509 374 1560 in
425 1526 602 1560 meum
650 1525 804 1560 usum
852 1508 1061 1560 codices
1107 1508 1200 1559 aut
1249 1505 1672 1574 descripserunt,
1731 1506 1914 1560 extuli.
2002 1507 2094 1560 sed
2131 1507 2485 1575 adiciendum,

314 1593 579 1663 permulta
635 1592 797 1645 etiam
851 1591 1132 1646 Palatinae
1187 1590 1559 1662 bybliothecae
1619 1589 1892 1661 praefecti,
1959 1591 1998 1645 Z
2010 1593 2488 1664 angemeisteri

299 1679 501 1750 nostri,
528 1678 797 1731 sedulitati
824 1677 1094 1731 officiosae
1122 1695 1206 1730 me
1228 1678 1434 1731 debere.
1485 1694 1546 1729 ac
1581 1677 1887 1747 gratissimo
1918 1680 2096 1732 animo
2127 1696 2310 1732 eorum
2328 1678 2486 1732 bene-

313 1766 435 1818 ficia
471 1763 823 1818 collaudanda
862 1766 989 1817 sunt
1027 1764 1118 1833 qui
1158 1766 1217 1816 ut
1254 1763 1385 1817 haec
1423 1764 1584 1817 editio
1624 1763 1828 1817 absolvi
1868 1767 2046 1833 posset
2084 1764 2321 1818 effecere.
2395 1782 2486 1817 eos
2510 1777 2552 1811 15

314 1851 433 1904 dico
471 1851 562 1920 qui
599 1868 698 1919 pro
736 1850 903 1903 oculis
940 1849 1074 1902 mihi
1115 1851 1267 1902 erant
1327 1849 1384 1901 in
1422 1849 1654 1920 plagulis
1693 1849 2049 1920 corrigendis,
2086 1849 2487 1922 prolegomenis

316 1936 730 2006 componendis,
793 1935 1062 1988 indicibus
1128 1934 1499 1988 conficiendis:
1577 1934 2036 2005 AHilgardum
2105 1935 2486 1991 OPfaffium

315 2021 815 2075 FrSchoellium
916 2019 1572 2074 HStadtmuellerum
1660 2020 2070 2082 GThilonem
2164 2021 2487 2076 CWachs-

315 2107 662 2160 muthium.
750 2124 976 2175 quorum
1034 2124 1192 2175 quem
1247 2107 1478 2159 secundo
1526 2107 1645 2160 1000
1691 2107 1988 2173 nominavi,
2045 2108 2090 2160 is
2129 2126 2334 2163 summa
2362 2107 2487 2160 dili-

313 2192 499 2262 gentia
549 2193 820 2262 congessit
864 2209 1117 2262 graecum
1154 2191 1401 2244 indicem.
1477 2210 1650 2262 neque
1696 2191 2270 2261 LSuetterlinum‚
2328 2193 2484 2246 disci·
2507 2204 2551 2236 20

312 2278 559 2347 pulorum
586 2278 853 2347 gymnasii
878 2277 1349 2347 Heidelbergensis
1375 2296 1519 2331 nunc
1544 2278 1860 2348 principem,
1899 2278 1991 2348 qui
2017 2278 2241 2332 dictanti
2267 2297 2299 2333 a
2323 2282 2486 2333 manu

315 2366 456 2431 erat,
529 2366 621 2415 aut
682 2363 973 2416 sollertiam
1033 2363 1545 2433 typothetarum
1607 2363 1853 2417 officinae
1927 2363 2332 2419 Teubnerianae
2392 2366 2487 2419 aut

314 2448 642 2502 Teubneri
667 2449 833 2518 ipsius
852 2449 1170 2518 patientiam
1195 2449 1439 2502 laudibus
1465 2449 1574 2502 suis
1602 2449 1915 2503 defraudare
1934 2449 2086 2504 decet
2110 2450 2484 2505 meritissimi&
