2814 4400
446 225 525 279 LX
1224 227 1443 271 MERXII
1474 227 1840 274 DISPVTATIO

585 1053 778 1108 Editor
814 1056 1201 1125 grammaticae
1227 1056 1590 1125 Dionysianae
1626 1056 1784 1110 huius
1823 1075 1942 1110 cum
1981 1058 2163 1111 omnia
2195 1058 2254 1110 in
2279 1075 2434 1110 usum
2460 1076 2614 1113 suum
2676 1069 2678 1071 ’

443 1140 703 1194 vertenda
740 1144 981 1194 censeret
1017 1159 1150 1210 quae
1189 1141 1253 1193 ad
1281 1141 1627 1195 exercendam
1664 1141 1825 1194 crisin
1862 1142 2063 1212 aliquid
2087 1143 2265 1196 facere
2293 1142 2614 1211 viderentur,
2710 1154 2714 1157 ’

444 1245 528 1278 me
566 1226 794 1295 rogavit,
834 1229 894 1278 ut
931 1226 1034 1278 sibi
1072 1244 1207 1295 quae
1246 1245 1309 1279 ex
1347 1226 1592 1279 versione
1626 1227 1927 1280 armeniaca
1960 1228 2017 1280 in
2050 1244 2206 1281 usum
2233 1228 2475 1281 criticum
2501 1228 2616 1282 erui

443 1313 666 1379 possent
705 1310 1032 1380 colligerem.
1096 1311 1283 1380 Itaque
1319 1310 1555 1379 perlecta
1594 1312 1854 1383 versione·
1876 1313 2180 1366 armeniaca
2219 1316 2273 1366 et
2310 1331 2429 1366 cum
2465 1315 2617 1367 textu

442 1390 638 1465 graeco
680 1395 874 1448 collata
910 1395 1167 1448 lectiones
1207 1413 1311 1462 eaS,
1353 1413 1486 1464 quas
1514 1396 1800 1449 Armenius
1838 1400 2049 1451 secutus
2087 1401 2183 1467 est,
2223 1415 2343 1451 cum
2381 1416 2442 1451 eo
2475 1417 2616 1452 com·
2659 1411 2682 1445 ὅ

446 1480 740 1544 municavi,
791 1498 921 1549 quas
968 1480 1258 1533 benevolus
1303 1480 1473 1533 lector
1518 1481 1575 1533 in
1624 1485 1937 1550 apparatum
1977 1482 2220 1536 criticum
2257 1486 2500 1553 receptas
2535 1484 2618 1547 in-
2711 1513 2718 1522 ·

445 1565 640 1617 veniet.
716 1563 819 1618 Sed
868 1584 989 1618 cum
1026 1567 1084 1618 in
1122 1565 1225 1619 hoc
1272 1565 1492 1634 negotio
1531 1566 1696 1619 etiam
1735 1584 1850 1636 eOS‚
1898 1567 1990 1636 qui
2027 1567 2245 1637 linguae
2282 1568 2618 1622 armeniacae

405 1684 408 1688 ,
445 1650 624 1720 ignari
662 1669 798 1719 quae
837 1652 1080 1721 equidem
1119 1651 1342 1704 dixerim
1382 1652 1686 1704 examinare
1725 1669 1833 1704 non
1859 1654 2102 1721 possunt,
2139 1670 2236 1706 suo
2273 1653 2389 1706 iure
2414 1654 2618 1723 quaesi*

446 1739 594 1788 turos
644 1753 759 1788 esse
806 1739 1015 1805 putem,
1066 1755 1201 1806 quae
1249 1737 1319 1790 sit
1365 1737 1573 1789 indoles
1622 1755 1685 1790 ac
1721 1739 1916 1790 natura
1951 1737 2412 1807 interpretationis
2450 1756 2618 1792 arme-

442 1821 654 1886 niacae,
706 1824 766 1874 ut
803 1822 867 1874 de
914 1822 1233 1875 lectionibus
1270 1823 1477 1891 graecis
1521 1821 1644 1874 inde
1688 1822 1943 1875 iudicium
1980 1822 2095 1875 fieri
2133 1822 2329 1892 possit,
2379 1841 2492 1877 non
2529 1823 2617 1876 ab·
2642 1835 2683 1869 ¹⁰

444 1925 636 1959 sonum
686 1906 976 1972 videbitur,
1032 1908 1217 1976 paucis
1254 1907 1342 1960 hic
1380 1906 1678 1960 describere
1724 1911 1778 1961 et
1814 1908 2318 1977 interpretationem
2353 1909 2526 1977 ipsam
2563 1910 2619 1963 et

444 1992 556 2045 eius
596 1991 902 2045 editionem.
1135 2002 1143 2011 ‘

1515 2127 1541 2180 Ι

586 2227 796 2281 Publici
831 2227 961 2279 iuris
998 2228 1173 2281 factus
1211 2229 1292 2280 est
1316 2227 1607 2297 Dionysius
1641 2227 1976 2280 armeniacus
2003 2246 2034 2280 a
2062 2228 2172 2281 viro
2198 2227 2355 2282 docto
2381 2229 2618 2282 armenio
2643 2247 2686 2282 ιε

444 2314 519 2366 M.
562 2313 835 2367 Girbied
875 2313 1096 2366 Parisiis
1138 2313 1276 2366 1824
1311 2314 1369 2365 in
1415 2315 1563 2366 tomo
1610 2316 1759 2366 sexto
1807 2313 2082 2366 annalium
2130 2313 2403 2367 societatis
2438 2312 2637 2385 regiae?

445 2398 872 2468 antiquariorum
928 2397 1357 2469 Francogalliae‚
1424 2398 1687 2467 simulque
1743 2399 1947 2468 aliquot
2001 2399 2324 2468 exemplaria
2380 2410 2619 2452 seorsum

445 2488 573 2537 sunt
624 2502 898 2554 expressa,
948 2501 1084 2552 quae
1131 2485 1378 2552 prostant
1414 2483 1635 2536 Parisiis
1685 2503 1759 2538 au
1795 2483 2022 2538 Bureau
2067 2485 2129 2538 de
2165 2483 2504 2539 Z'Almanach
2547 2485 2622 2538 du

447 2573 738 2625 Commerce
791 2586 886 2622 rue
932 2567 991 2622 J.
1036 2567 1095 2622 J.
1138 2568 1417 2623 Rousseau
1463 2567 1536 2622 N.
1574 2571 1649 2622 20
1706 2573 1753 2622 et
1807 2569 1924 2623 ehez
1969 2568 2259 2638 Delaunay
2306 2586 2380 2622 aa
2425 2567 2621 2624 Palais

443 2656 634 2724 Royal‚
674 2654 898 2708 Pelicier
933 2658 979 2707 et
1005 2652 1251 2719 Chatelet‚
1293 2653 1456 2707 Plaee
1480 2654 1553 2707 du
1581 2652 1774 2709 Palais
1800 2653 1992 2721 Romul,
2033 2654 2268 2708 Lacroix
2290 2671 2386 2707 rue
2409 2651 2618 2708 Haute-
2640 2673 2684 2707 zo

440 2741 618 2808 feuille
643 2740 716 2793 N.
742 2742 824 2792 18.
887 2738 1172 2808 Inscripsit
1207 2738 1486 2792 Cirbiedus
1525 2739 1750 2792 editioni
1787 2757 1939 2792 suae:
1981 2738 2325 2794 Grammaire
2361 2739 2424 2792 de
2445 2737 2620 2793 Denis

442 2827 504 2879 de
543 2825 773 2892 Thrace,
822 2825 947 2878 tire'e
993 2825 1054 2877 de
1091 2826 1227 2878 deum
1264 2825 1583 2877 manuscrits
1619 2825 1919 2878 arme'm'eow
1956 2825 2017 2878 de
2054 2825 2108 2878 Za
2144 2823 2509 2892 Bibliotheque
2545 2824 2619 2878 du

445 2911 578 2979 Rei,
609 2910 817 2979 publie'e
853 2927 917 2963 en
956 2909 1118 2978 Grec),
1156 2926 1221 2963 en
1257 2908 1550 2962 Arme'm‘en
1587 2913 1634 2962 et
1669 2927 1733 2963 en
1770 2908 2059 2976 Franeais

587 2994 843 3063 Continet
889 2997 1067 3048 autem
1115 2995 1251 3048 liber
1297 2995 1628 3047 armeniacus
1667 3011 1777 3047 non
1814 2994 1984 3047 solum
2022 2993 2220 3063 viginti
2257 2993 2494 3064 quinque
2530 3010 2616 3047 ca-

446 3080 581 3149 pita,
619 3098 754 3149 quae
793 3098 824 3132 a
862 3078 1106 3132 Fabricio
1143 3080 1375 3149 primum
1411 3097 1603 3150 graece
1640 3082 1768 3132 sunt
1804 3079 1971 3149 edita,
2010 3096 2194 3132 verum
2231 3078 2395 3133 etiam
2637 3097 2682 3132 ιο
2766 3075 2767 3078 '
2807 3085 2812 3087 “

592 3166 638 3217 1.
678 3167 838 3234 caput
893 3164 965 3217 de
1020 3165 1338 3235 prosodia
1392 3167 1446 3217 et
1490 3164 1800 3218 nominibus
1846 3166 2003 3218 acuto
2048 3166 2272 3217 accentu
2316 3163 2615 3233 instructis,

444 3250 584 3319 quod
625 3267 816 3320 graece
855 3251 1029 3302 exstat
1066 3250 1123 3302 in
1162 3249 1391 3303 Bekkeri
1431 3249 1703 3302 anecdotis
1739 3249 1794 3302 II
1830 3249 1953 3318 674,
1991 3249 2049 3301 in
2086 3248 2188 3301 hac
2226 3247 2459 3302 editione
2494 3266 2616 3320 pag.
2709 3284 2716 3293 ·

447 3335 547 3389 105
573 3353 686 3404 sqq.

584 3419 635 3473 2.
675 3420 838 3489 caput
875 3419 949 3472 de
987 3420 1298 3488 pedibus,
1338 3421 1475 3490 quod
1517 3437 1586 3472 ex
1623 3418 1893 3473 codicibus
1926 3418 2237 3472 Monacensi
2275 3420 2330 3472 et
2365 3417 2615 3493 Leidensi

445 3504 698 3575 Vhligius
736 3504 879 3574 typis
919 3505 1321 3574 exprimendum
1358 3505 1570 3560 curavit
1604 3522 1728 3575 pag.
1772 3506 1869 3558 117
1899 3521 2043 3573 seqq.
2636 3521 2679 3556 ao

585 3591 634 3644 3.
675 3590 992 3660 paradigma
1038 3591 1186 3643 verbi
1235 3592 1319 3644 cui
1365 3590 1685 3660 inscriptum
1732 3592 1813 3642 est
1847 3590 2095 3659 flexiones
2141 3590 2310 3658 verbi,
2364 3589 2502 3659 quod
2550 3606 2616 3643 ex

447 3675 743 3729 canonibus
781 3673 1067 3727 Theodosii
1090 3675 1405 3731 „verbalibus
1445 3676 1780 3745 desumptum
1819 3675 1877 3727 in
1916 3674 2113 3727 eisdem
2141 3692 2274 3743 quos
2312 3673 2470 3728 modo
2505 3673 2615 3727 lau-

445 3761 565 3814 davi
605 3760 877 3814 codicibus
914 3761 1119 3830 graecis
1157 3764 1332 3814 exstat
1369 3764 1423 3814 et
1459 3760 1584 3813 huic
1622 3759 1846 3814 editioni
1883 3778 2005 3829 pag.
2048 3759 2149 3812 125
2175 3777 2320 3829 seqq.
2353 3760 2614 3814 insertum

447 3850 544 3900 est.
610 3846 817 3899 Desunt
852 3848 1032 3899 tamen
1070 3845 1208 3915 apud
1237 3846 1551 3927 Armenium
1589 3845 1771 3899 omnia
1806 3844 2109 3915 participia,
2147 3862 2282 3916 quae
2318 3861 2437 3898 cum
2474 3843 2615 3914 apud

450 3931 711 3985 Graecum
748 3931 805 3984 in
843 3931 951 3984 fine
988 3930 1374 4001 paradigmatis
1412 3932 1683 4002 legantur,
1733 3948 1843 3983 non
1881 3931 1948 3983 ab
1984 3931 2276 4000 interprete
2312 3928 2613 3983 armeniaco
2634 3922 2678 3979 ss

449 4017 541 4069 sed
580 4017 737 4086 culpa
776 4015 980 4069 librarii
1018 4016 1214 4070 omissa
1250 4033 1363 4069 esse
1401 4016 1585 4070 coici0.
