2808 4394
927 266 1015 312 DE
1045 265 1388 311 HOMINVM
1418 266 1802 312 SPECIEBvs
2376 272 2448 323 45

141 421 166 452 p
181 412 246 444 σει-ι
262 418 288 450 ι»
430 394 569 467 <24>
606 393 644 463 1·
682 395 1123 450 Μετουςιαςτικόν
1186 395 1244 448 δέ
1300 395 1405 448 ἑςτι
1465 395 1528 447 τὸ
1578 396 1803 460 μετέχον
1861 396 2039 450 οὐςίας
2094 397 2266 465 τινός,
2324 396 2444 450 οἷον

211 495 214 499 ’
289 481 569 545 πύρινος
606 480 874 545 δρύϊνος
908 479 1245 550 ἐλάφινος.
1284 509 1352 517 --

292 590 662 647 [Dmcuamwru
707 606 987 635 SCRIPTVRAB
1031 606 1079 634 m
1119 589 1611 647 MLGBTVHAfb]
1709 590 1964 650 2-πύρινο(
2013 595 2196 647 δρύινος
2227 594 2446 645 ἑλάφινο(

288 659 502 705 MLGB:
554 662 776 717 ἀμμώδης
816 662 1001 718 δρύϊνος
1044 661 1240 716 πύρινος
1283 659 1341 713 Τ,
1381 661 1592 716 χρύςειος
1638 661 1880 716 ἀργύρειος
1913 660 2016 715 Vb,
2055 665 2261 718 χρύςειος
2306 665 2445 719 ἀργύ-

287 744 385 788 ριος
415 730 543 774 HAf

291 844 690 902 [stcasuumin
709 861 767 888 ET
787 858 1061 888 'ras'rmoms
1082 859 1320 887 scnomon.
1340 845 1514 898 (Σσλ)
1536 858 1843 886 EROTEMATVM
1853 846 1934 900 (E)
1958 860 2166 889 Amonvu
2186 846 2444 904 semerom]

287 915 314 959 1
347 915 742 961 Μετουςιαςτικὸν
774 941 826 947 -
857 915 1097 971 ἑλάφινος]
1135 913 1256 957 hanc
1287 913 1492 970 speciem
1532 914 1640 956 ante
1679 914 2034 969 ἀπολελυμένον
2064 916 2211 960 habet
2242 928 2277 962 σ
2306 917 2447 971 (sicut

287 985 544 1030 deteriores
583 986 695 1030 artis
724 984 948 1041 codices),
987 986 1095 1042 post
1125 985 1480 1039 ἀπολελυμένον
1519 986 1566 1027 Ε
1596 986 1643 1028 et
1682 985 1911 1040 epitoma;
1952 998 2045 1028 non
2084 985 2251 1042 legisse
2286 987 2444 1031 viden-

285 1057 365 1099 tur
403 1057 683 1102 vetustiores
720 1055 997 1101 scholiastae
1038 1055 1103 1110 (in
1133 1053 1298 1109 UOH)
1342 1068 1495 1110 neque
1541 1055 1692 1112 magis
1724 1055 2004 1109 Priscianus,
2044 1056 2168 1112 apud
2199 1071 2314 1112 quos
2345 1058 2444 1101 nul-

286 1126 383 1169 lum
422 1131 812 1180 μετουςιαςτικῶν
849 1124 1100 1183 vestigium
1138 1124 1204 1167 ibi
1241 1124 1500 1179 invenitur,
1540 1125 1622 1168 ubi
1658 1125 1776 1168 hanc
1818 1124 2151 1181 Dionysianam
2182 1128 2444 1183 specierum

285 1197 591 1242 nominalium
621 1198 788 1242 seriem
820 1196 1219 1252 interpretantur,
1257 1195 1338 1238 sed
1370 1195 1473 1239 aliis
1502 1197 1690 1240 tantum
1730 1195 1857 1240 locis,
1921 1201 1971 1240 Σ
1991 1201 2119 1253 8523³
2149 1196 2365 1253 (Steph?)
2396 1199 2443 1241 in

282 1267 577 1312 inlustranda
607 1271 841 1323 κτητικῶν
873 1266 1040 1310 classe:
1074 1266 1173 1321 εἴδη
1205 1267 1254 1309 δὲ
1284 1270 1370 1310 τοῦ
1404 1271 1628 1322 κτητικοῦ
1660 1270 1831 1310 ταῦτα·
1865 1266 2176 1319 οἰκειωτικόν,
2210 1281 2455 1333 peronem-¹

284 1340 455 1393 ςτικόν,
488 1339 881 1394 ςυνεκφαντικόν·
914 1336 1209 1381 οἰκειωτικὸν
1241 1337 1326 1390 μὲν
1356 1335 1540 1393 <οἷον>”
1562 1337 1816 1389 Ὀλύμπιος
1849 1337 2104 1392 Θαλάςςιος,
2139 1351 2442 1391 μετουςιαςτι-

285 1409 370 1452 κὸν
400 1411 449 1453 δὲ
480 1409 583 1454 οἷον
623 1410 851 1465 ἀργύρεος
882 1410 1096 1464 χρύςεος,
1138 1408 1510 1462 ςυνεκφαντικὸν
1547 1407 1598 1450 δὲ
1627 1406 1731 1451 οἷον
1768 1410 2083 1462 γραμματικός
2114 1409 2444 1463 γεωμετρικός.

283 1481 458 1541 et2858¹
493 1479 543 1523 in
572 1479 866 1523 inlustranda
896 1479 1203 1533 παρωνύμων
1233 1477 1401 1522 classe:
1442 1479 1499 1521 τὸ
1545 1478 1834 1533 παρώνυμον
1866 1480 2020 1522 πολλὰ
2064 1479 2252 1533 ἐδήλου·
2294 1494 2443 1535 περιε-

281 1551 428 1604 κτικά,
452 1551 658 1604 ἄμπελος
680 1550 926 1604 ἀμπελών·
949 1549 1428 1606 ἑθνικά,<ῗΑκράγας>
1448 1549 1829 1602 Ἀκραγαντῖνος·
1853 1550 2441 1606 μετουςιαςτικά,<δέρμα>

282 1622 555 1676 δερμάτινος
586 1624 686 1665 κτλ.
746 1620 885 1667 Prisc.
918 1619 962 1664 Π
992 1625 1086 1675 695:
1118 1619 1375 1675 possessiva
1415 1619 1610 1662 dicimus
1647 1631 1741 1662 non
1777 1620 1923 1663 solum
1946 1620 2270 1675 possessionem
2300 1621 2442 1677 siqni-

280 1691 497 1746 fieantia,
528 1691 608 1736 sed
638 1691 775 1735 etiam
806 1704 923 1747 quae
950 1690 1146 1744 formam
1176 1691 1343 1734 habent
1365 1689 1736 1744 possessivorum.
1795 1694 1906 1733 sunt
1936 1691 2055 1734 enim
2085 1691 2312 1746 quaedam
2339 1704 2444 1748 yen-

280 1761 389 1806 tilia
427 1762 619 1806 similem
650 1761 918 1816 possessivis
952 1761 1172 1805 habentia
1209 1760 1405 1813 formam
1437 1791 1716 1806 .........
1775 1760 1890 1804 Alia
1920 1765 2072 1804 autem
2101 1766 2210 1805 sunt
2242 1762 2443 1806 eiusdem

281 1830 607 1885 derivationis,
647 1845 763 1888 quae
802 1845 858 1876 ex
893 1831 1090 1876 materia
1122 1830 1467 1886 principalium
1507 1834 1714 1874 constare
1749 1830 2098 1887 siqnificantur,
2135 1836 2188 1875 ut
2217 1831 2248 1885 f
2249 1846 2338 1875 err
2350 1846 2443 1876 eus

277 1906 403 1956 ferro
431 1903 599 1957 factus,
628 1902 846 1947 similiter
875 1914 1085 1946 aureus
1113 1905 1416 1958 arqenteus
1445 1914 1799 1945 marmoreus.
1861 1902 1910 1944 et
1938 1902 1982 1945 Π
2004 1906 2121 1958 7623:
2161 1903 2261 1946 alia
2289 1917 2319 1946 a
2349 1917 2439 1946 ma·

279 1973 400 2017 teria
438 1987 493 2017 ex
530 1987 623 2030 qua
659 1977 869 2017 constant
905 1976 959 2016 ut
997 1973 1274 2016 humanus
1311 1976 1588 2017 terrenus.
1649 1971 1778 2025 Quae
1810 1972 1882 2016 his
1913 1971 2197 2016 scholiorum
2228 1974 2278 2017 et
2305 1973 2441 2016 latini

190 2060 192 2063 ·
279 2043 575 2101 grammatici
606 2044 718 2088 locis
750 2044 991 2098 docentur,
1022 2042 1244 2086 videntur
1273 2043 1445 2099 partim
1478 2045 1603 2088 certe
1635 2057 1691 2088 ex
1713 2042 1954 2099 Apollonii
1974 2042 2165 2099 Dyscoli
2196 2043 2443 2100 disciplina

280 2113 479 2158 oriunda
509 2127 630 2170 esse,
663 2127 803 2169 quem
831 2110 994 2170 ‘ipsum
1026 2114 1209 2157 constat
1238 2116 1434 2170 κτητικὰ
1465 2116 1677 2168 ὀνόματα
1709 2114 1853 2157 etiam
1892 2126 1949 2157 ea
1978 2114 2286 2170 appellavisse
2318 2128 2439 2170 quae

279 2185 522 2229 nominum
566 2185 906 2242 possessionem
952 2183 1316 2240 significantium
1362 2198 1456 2228 non
1495 2185 1674 2228 habent
1717 2183 1807 2227 nisi
1843 2183 2017 2227 formas
2059 2185 2146 2237 (cfr
2182 2184 2326 2228 index
2355 2185 2439 2228 sub

280 2258 538 2312 κτητικός).
597 2257 740 2312 atque
763 2255 962 2299 fortasse
995 2259 1372 2308 μετουςιαςτικοῡ
1395 2255 1596 2298 nominis
1627 2268 1815 2310 quoque
1846 2255 2010 2299 auctor
2031 2255 2308 2310 Apollonius
2337 2253 2440 2298 fuit.

278 2341 403 2370 nunc
431 2326 553 2370 hanc
584 2326 948 2383 appellationem
989 2327 1036 2369 et
1066 2325 1184 2369 alias
1215 2325 1425 2370 eiusdem
1455 2326 1705 2382 potestatis
1735 2325 1940 2381 primum
1970 2325 2170 2382 legimus
2202 2326 2328 2382 apud
2360 2339 2438 2369 eos

280 2396 361 2453 qui
393 2396 711 2441 Herodianum
744 2396 1018 2440 breviarunt
1046 2396 1121 2440 vel
1153 2396 1487 2453 compilavere:
1521 2397 1688 2440 Arcad.
1734 2396 1831 2439 sive
1862 2395 2089 2442 Theodos
2129 2411 2159 2452 p
2191 2401 2271 2453 659
2304 2395 2352 2442 B.
2384 2417 2439 2433 =

280 2471 372 2524 74„
394 2466 562 2522 Schm.,
593 2466 876 2525 Theognost.
909 2480 1010 2510 can.
1034 2464 1121 2510 AO
1146 2466 1190 2509 II
1211 2471 1331 2522 6714,
1359 2466 1583 2511 Choerob.
1620 2467 1828 2522 orthogr.
1861 2466 1941 2510 AO
1964 2467 2008 2510 11
2042 2471 2187 2522 18520,
2219 2480 2439 2523 anonym.

279 2541 386 2594 περὶ
423 2539 687 2594 ποςότητος
725 2537 814 2582 ΑΟ
846 2537 892 2580 Π
923 2542 1045 2593 2859.
1109 2538 1177 2580 cfr
1214 2537 1355 2581 index
1395 2537 1480 2582 sub
1524 2539 1911 2592 μετουςιαςτικός.
1971 2537 2061 2580 Illa
2099 2538 2258 2581 autem
2289 2539 2440 2581 metu-

277 2609 455 2652 siastici
497 2607 732 2664 definitio,
783 2620 904 2664 quae
948 2607 998 2651 in
1035 2607 1313 2664 Dionysium
1343 2607 1492 2651 inlata
1529 2609 1601 2651 est
1640 2609 1688 2651 et
1726 2622 1783 2652 ex
1820 2607 2102 2664 interpolato
2134 2607 2359 2664 Dionysio
2389 2609 2438 2651 in

278 2680 538 2724 erotemata
566 2677 854 2735 Dionysiana
882 2677 1112 2730 manavit,
1151 2678 1388 2722 invenitur
1428 2678 1572 2722 etiam
1601 2679 1650 2722 in
1681 2677 2022 2735 etymologicis.
2085 2677 2176 2721 EM
2208 2684 2303 2734 30⁶³
2339 2681 2436 2734 εἴδη

276 2751 326 2794 δὲ
354 2753 440 2794 τοῦ
473 2754 695 2806 κτητικοῦ
726 2749 854 2806 τρία·
886 2748 1195 2803 οἰκειωτικόν,
1228 2750 1626 2804 ςυνεκφαντικόν,
1659 2750 2035 2803 μετουςιαςτικόν
2064 2782 2239 2796 ......
2273 2764 2437 2804 μετου-

277 2821 509 2865 ςιαςτικὸν
545 2821 596 2864 δέ
636 2821 729 2864 ἑςτι
767 2820 825 2863 τὸ
865 2820 1062 2874 μετέχον
1101 2820 1256 2864 οὐςίας
1295 2821 1446 2871 τινός,
1486 2820 1589 2864 οἷον
1629 2821 1837 2875 κέδρινος
1874 2821 2115 2874 «κέδρινον
2154 2821 2437 2876 ὑψόροφον»

276 2892 500 2947 Ὅμηρος,
536 2892 824 2946 δερμάτινος,
854 2890 1081 2945 χάλκειος,
1112 2890 1320 2944 χρύςειος
1343 2890 1554 2944 ςταυρός,
1588 2891 1795 2946 βρότειος
1831 2890 1944 2946 χείρ.
2003 2891 2265 2946 διαφέρουςι
2296 2893 2347 2935 δὲ
2377 2893 2436 2935 τὰ

279 2951 628 3015 μετουςιαςτικὰ
658 2964 759 3004 τῶν
790 2962 928 3016 μέρος
961 2961 1177 3015 ςώματος
1208 2962 1487 3016 δηλούντων
1519 2963 1624 3021 κτλ,
1660 2961 1934 3017 quibuscum
1968 2961 2036 3004 cfr
2065 2960 2151 3004 EG
2186 2967 2281 3018 155„²
2311 2967 2434 3017 5719.

275 3031 415 3078 Mich.
457 3031 699 3088 Syncellus
753 3030 1105 3093 [GLecapenus]
1145 3031 1202 3074 de
1243 3033 1363 3086 synt.
1410 3030 1476 3074 fol
1526 3036 1602 3075 181
1636 3040 1652 3058 v
1683 3032 1799 3076 haec
1845 3032 2008 3076 scribit
2051 3032 2108 3075 de
2149 3032 2433 3075 metusiasti-

277 3103 357 3156 cis,
387 3103 636 3158 postquam
668 3103 932 3146 ceterarum
961 3101 1222 3158 specierum
1253 3101 1559 3145 nominalium
1591 3102 1983 3146 constructionem
2016 3102 2258 3158 exposuit:
2297 3104 2356 3147 τὰ
2385 3104 2436 3146 δὲ

278 3175 626 3227 μετουςιαςτικά
657 3174 838 3228 ἐμφερῆ
871 3173 954 3227 μὲν
983 3177 1086 3216 τοῖς
1117 3177 1352 3227 κτητικοῑς
1383 3173 1667 3229 ὑπάρχουςιν
1699 3173 1892 3217 ἐκείνοις
1924 3174 2020 3226 μέν,
2054 3174 2225 3227 κυρίως
2255 3175 2435 3217 δεςυν-

276 3243 522 3288 τάςςονται
550 3248 650 3288 τοῖς
682 3243 952 3298 μετέχουςιν
981 3246 1068 3298 τῆς
1098 3243 1253 3287 οὐςίας
1284 3247 1385 3286 τῶν
1416 3244 1723 3298 πραγμάτων,
1757 3243 1826 3286 ὧν
1857 3244 1904 3287 αἱ
1935 3244 2245 3298 πρωτότυποι
2275 3246 2434 3298 φωναὶ

276 3314 546 3371 ςημαντικαί
577 3314 703 3368 εἰςιν,
737 3315 821 3369 ἀφ’
851 3314 921 3357 ὧν
954 3315 1028 3358 καὶ
1059 3315 1380 3369 παρήχθηςαν,
1412 3313 1518 3357 οἷον
1549 3316 1731 3359 Ξύλινος
1762 3314 1916 3368 πίναξ,
1949 3315 2225 3368 ὀςτράκινον
2256 3318 2433 3367 ςκεῡος,

275 3386 461 3440 δρύϊνος
499 3385 646 3438 ἰςτός,
687 3384 910 3439 ἀμμώδης
951 3385 1076 3428 ὁδός.
1136 3383 1263 3428 Gaza
1292 3384 1357 3428 IV
1387 3399 1417 3440 p
1452 3389 1532 3428 125
1570 3383 1833 3428 definitioni
1871 3397 1927 3427 ex
1959 3383 2229 3428 erotematis
2258 3383 2432 3440 Diony-

276 3455 417 3499 sianis
447 3456 663 3512 sumptae
703 3454 836 3498 addit
863 3454 1091 3498 nonnulla
1128 3469 1185 3499 ex
1223 3455 1311 3499 hoc
1342 3454 1547 3510 Syncelli
1577 3455 1693 3498 loco.
1753 3455 2030 3512 personatus
2058 3453 2271 3498 Philemo
2303 3455 2430 3498 deni-

276 3539 367 3586 que
389 3540 434 3569 n.
459 3531 536 3570 110
556 3525 615 3569 ad
639 3539 708 3580 ea,
740 3539 860 3582 quae
892 3539 948 3570 ex
977 3525 1231 3570 Phavorini
1259 3526 1410 3570 lexico
1442 3525 1687 3582 exscripsit
1718 3525 1818 3580 (ubi
1837 3539 2009 3570 nomen
2039 3525 2225 3569 tantum
2257 3525 2430 3581 speciei

275 3596 451 3654 legitur
480 3596 530 3639 et
559 3597 807 3653 exempla),
841 3595 1014 3640 adiecit
1042 3598 1102 3641 τὰ
1133 3598 1392 3652 μετέχοντα
1423 3598 1474 3640 ἔκ
1504 3610 1631 3640 τινος
1662 3598 1775 3652 ὕλης
1806 3597 1823 3652 ΙΙ
2202 3595 2231 3638 2
2262 3594 2431 3638 Omnia

277 3668 493 3723 exempla
507 3667 752 3711 meliorum
771 3667 884 3711 artis
901 3667 1114 3711 codicum
1131 3667 1276 3711 habet
1299 3667 1442 3711 etiam
1475 3679 1529 3720 σ,
1563 3667 1753 3710 tertium
1785 3680 1861 3710 om
1892 3670 1951 3714 Ε,
2010 3667 2097 3710 hoc
2126 3666 2316 3709 tertium
2349 3678 2427 3708 no-

275 3751 398 3793 men,
432 3737 558 3794 quod
578 3737 729 3782 lexica
749 3739 912 3782 nostra
934 3738 1166 3796 ignorant,
1195 3737 1312 3781 nihil
1334 3751 1434 3781 esse
1455 3737 1544 3780 nisi
1566 3739 1786 3793 ἑλάφειος
1804 3738 2087 3782 vocabulum
2103 3737 2151 3779 in
2168 3734 2431 3779 similitudi·

271 3822 385 3865 nem
422 3807 799 3853 antecedentium
830 3822 999 3853 vocum
1043 3809 1354 3865 depravatum
1392 3822 1573 3852 mecum
1606 3809 1836 3864 censebis,
1879 3808 1918 3852 si
1949 3807 2181 3852 audiveris
2212 3807 2428 3860 ἑλάφειος

200 3934 202 3936 ,
267 3875 330 3922 ‘ut
359 3878 629 3935 exemplum
659 3878 1082 3924 metusiasticorum
1120 3880 1178 3923 ab
1219 3878 1443 3926 Choerob.
1484 3878 1603 3922 orth.
1633 3879 1722 3924 AO
1753 3879 1797 3922 II
1830 3885 1953 3934 185²9
1985 3882 2033 3922 et
2063 3878 2121 3921 ab
2153 3890 2287 3920 anon.
2321 3877 2427 3931 περὶ

277 3951 539 4006 ποςότητος
571 3951 655 3994 ΑΟ
687 3949 726 3992 Π
756 3954 879 4005 285„
908 3949 1121 4007 proferri.
1182 3951 1250 3994 σΚ
1290 3949 1349 3992 ad
1386 3950 1545 3994 cetera
1581 3951 1672 3995 tria
1709 3950 1843 3994 addit
1882 3951 2104 4004 ἀμμώδης
2143 3948 2427 4005 exemplum,

282 4048 560 4106 [anzmosss
575 4048 795 4106 Anusnu]
815 4046 931 4094 1—2
942 4049 1320 4104 μετουςιαςτικὸν
1330 4063 1389 4095 ne
1404 4052 1491 4095 hoc
1507 4049 1698 4106 quidem
1714 4049 1818 4095 loco
1834 4048 1992 4103 habet,
2002 4047 2070 4092 cfr
2086 4061 2228 4105 supra
2243 4047 2304 4092 ad
2319 4053 2387 4103 33,
2401 4053 2427 4092 5
