2814 4400
361 279 397 322 L
952 277 1032 321 DE
1063 276 1357 326 SVPPLEM.
1387 279 1519 325 πεΡι
1552 262 1909 326 ΠΡοςΩιΔιςῑΝ

2212 337 2237 351 Ι

362 407 689 460 attribuitur.
766 424 864 458 nec
899 406 1119 459 tertium
1158 425 1354 460 nomen
1393 408 1739 479 proferam.*)
1812 427 1984 478 neque
2010 411 2240 462 aetatem
2265 412 2526 481 tractatus

362 493 580 545 definire
621 492 868 556 conabor,
910 492 1013 544 nisi
1049 493 1126 545 ita
1161 495 1222 545 ut
1259 493 1448 558 dicam,
1489 493 1726 547 additum
1766 512 1884 547 eum
1924 512 2038 547 esse
2075 497 2361 565 antequam
2396 498 2527 550 artis

362 577 737 646 interpretatio
776 579 1082 630 armeniaca
1119 577 1263 630 facta
1300 578 1386 630 sit.
1404 578 1490 649 aaz)

502 663 1033 731 Explanationes
1081 662 1240 715 huius
1288 663 1539 717 breviarii
1576 665 1835 720 habemus
1873 666 2001 718 duas
2039 666 2326 735 ampliores
2339 707 2353 734 ,
2401 685 2526 737 qua-

360 767 475 800 rum
516 748 684 800 altera
720 747 903 818 (quam
930 747 1134 816 primus
1161 747 1328 800 edidit
1351 748 1579 802 Villoiso
1617 750 1819 802 Anecd.
1847 749 1902 802 II
1939 769 1974 820 p
2006 750 2300 822 103—118,
2339 753 2529 806 deinde
2570 762 2592 796 ⁵

358 834 635 885 Bekkerus
674 833 876 885 Anecd.
903 832 957 885 II
995 852 1030 902 p
1057 833 1361 903 675-703)
1397 833 1498 886 hoc
1533 834 1692 887 titulo
1730 835 2020 904 praemisso
2047 838 2369 904 Πορφυρίου
2406 839 2531 903 περὶ
2631 838 2634 839 ’

358 919 663 986 προςῳδίας
700 917 901 987 legitur
926 919 984 970 in
1010 917 1338 970 Barocciano
1369 919 1468 970 116
1494 918 1571 971 fol
1597 919 1809 991 2lr***)
1847 919 2122 973 Marciano
2159 922 2266 975 652
2303 922 2381 975 fol
2411 922 2531 976 106Γ

360 1004 609 1055 Palatino
650 1003 719 1055 70
754 1002 833 1054 fol
870 1002 995 1054 221Γ
1033 1002 1299 1055 Vaticano
1338 1002 1443 1056 240
1479 1003 1558 1056 fol
1600 1006 1648 1056 1Γ
1686 989 1956 1058 Vaticano
1993 1006 2109 1058 260.
2135 1006 2215 1060 fol
2256 1008 2395 1060 127r.
2470 1007 2528 1059 in

359 1089 549 1158 quibus
588 1088 665 1140 siz
703 1087 919 1155 incipit:
958 1089 1149 1142 Ἰςτέον
1189 1089 1270 1142 ὅτι
1309 1088 1383 1142 ὡς
1423 1088 1454 1141 6
1493 1090 1635 1158 Θρᾷξ
1674 1091 1965 1145 Διονύςιος
2003 1092 2035 1145 6
2073 1093 2196 1157 περὶ
2232 1098 2343 1147 τῶν
2382 1092 2524 1147 ὀκτὼ
2591 1121 2596 1124 -
2627 1140 2630 1143 .

360 1178 541 1243 μερῶν
581 1177 679 1227 τοῦ
720 1173 888 1236 λόγου
927 1174 1140 1227 διδάξας
1177 1174 1312 1238 ἡμᾶς
1350 1177 1443 1226 κτλ
1485 1178 1575 1240 (=
1602 1173 1700 1226 BA
1727 1175 1892 1244 6763).
1978 1175 2041 1228 In
2079 1175 2346 1230 Vaticano
2389 1177 2523 1230 1751
2550 1187 2626 1219 102

356 1259 436 1311 fol
466 1260 549 1311 17r
588 1262 641 1310 et
678 1257 1078 1327 Hamburgensi
1117 1277 1151 1326 p
1186 1258 1290 1310 369
1334 1258 1475 1310 idem
1525 1260 1938 1313 commentarius
1983 1261 2254 1314 invenitur
2300 1262 2407 1314 alia
2445 1262 2528 1315 in·
2615 1318 2617 1322 Α

358 1347 591 1396 structus
637 1343 1015 1411 inscriptione:
1093 1343 1358 1407 Γεωργίου
1414 1349 1778 1409 γραμματικοῦ
1827 1348 1925 1399 τοῦ
1985 1346 2352 1413 Χοιροβοςκοῦ
2407 1348 2531 1414 περὶ
2583 1364 2603 1374 ·

358 1432 740 1496 γραμματικῆς,
792 1431 844 1480 et
895 1427 998 1479 alio
1060 1427 1240 1478 initio:
1303 1428 1438 1492 Περὶ
1493 1433 1848 1495 γραμματικῆς
1909 1431 2141 1497 γράφειν
2203 1433 2529 1498 προθέμενοι

358 1515 596 1579 ἀκαιρίας
634 1515 995 1578 γραφήςεςθαι
1034 1511 1429 1579 ὑπειλήφαμεν,
1477 1517 1575 1566 τοῦ
1624 1516 1982 1579 προτεθέντος
2020 1515 2314 1582 ἀφέμενοι,·
2339 1534 2527 1584 προοι-

360 1601 496 1666 μίοις
534 1600 964 1665 ἐπιτεταγμένοις
1002 1598 1087 1650 καὶ
1125 1597 1409 1652 ἀνοικείοις
1445 1603 1507 1666 τῇ
1547 1601 1793 1669 παρούςῃ
1830 1601 2162 1672 πραγματείᾳ
2187 1605 2528 1657 καταςκευαῑς
2550 1611 2593 1644 1⁵

359 1687 457 1750 τὴν
495 1686 712 1751 γραφὴν
756 1675 1243 1750 ἒπιχρωννύμενοι,
1296 1683 1372 1737 ὥς
1418 1701 1560 1738 τινες
1605 1688 1784 1739 ποιεῖν
1831 1686 2089 1739 πολλάκις
2138 1687 2381 1742 εἰώθαςιν
2420 1688 2533 1742 ἑπι-

359 1771 572 1826 δείξεως
612 1770 782 1823 ἕνεκα.
858 1770 1048 1823 Ἰςτέον
1086 1770 1272 1823 τοίνυν
1311 1768 1387 1822 ὡς
1424 1767 1455 1821 6
1492 1770 1636 1838 Θρᾷξ
1673 1770 1963 1824 Διονύςιος
2010 1771 2040 1824 6
2079 1773 2202 1837 περὶ
2237 1777 2347 1827 τῶν
2386 1773 2530 1827 ὀκτὼ

359 1860 561 1922 μερῶν,
592 1859 689 1908 τοῦ
742 1854 911 1918 λόγου
979 1854 1193 1910 διδάξας
1255 1855 1389 1919 ἡμᾶς
1454 1857 1561 1907 κτλ.
1662 1872 1796 1923 quae
1853 1854 2036 1907 eadem
2090 1856 2254 1909 verba
2310 1857 2534 1925 praebet

359 1940 640 1993 Parisinus
679 1939 835 2004 2603,
874 1939 966 1992 sed
1003 1938 1107 1991 hoc
1144 1938 1321 1990 indice
1361 1939 1625 2021 praefixo:
1676 1940 1971 1994 Θεοδοςίου
2009 1946 2370 2007 γραμματικοῦ
2408 1943 2533 2008 περὶ

358 2028 729 2092 γραμματικῆς,
763 2033 922 2094 atque
944 2019 1217 2077 Parisinus
1246 2023 1386 2076 2542
1404 2023 1483 2076 fol
1507 2025 1606 2093 11¹⁸,
1628 2024 1720 2077 sed
1743 2023 1828 2077 lu's
1847 2025 2177 2094 praemissis:
2204 2028 2531 2094 Πορφυρίου
2553 2037 2597 2070 2⁰
2689 2034 2705 2082 j
2734 2008 2737 2011 i
2774 2027 2776 2030 ’

360 2114 483 2177 περὶ
518 2115 892 2178 γραμματικῆς.
951 2109 1195 2178 Denique
1233 2109 1291 2161 in
1317 2107 1586 2162 Vaticano
1616 2110 1683 2161 14
1720 2109 1796 2162 fol
1826 2111 1910 2163 13r
1948 2114 2003 2164 et
2027 2111 2339 2182 apographo
2365 2110 2532 2165 Ham-

361 2196 620 2266 burgensi
659 2215 693 2264 p
730 2196 799 2247 60
837 2195 926 2248 hic
963 2194 1152 2246 titulus
1191 2195 1413 2264 legitur:
1464 2195 1522 2247 ἐκ
1558 2199 1656 2248 τοῦ
1694 2197 1818 2260 περὶ
1854 2200 2174 2265 προςῳδιῶν
2212 2198 2299 2251 καὶ
2335 2197 2533 2262 ἄλλως,

362 2285 417 2333 et
452 2281 557 2334 hoc
595 2280 944 2350 principium:
984 2281 1173 2334 Ἰςτέον
1213 2280 1289 2334 ῶς
1327 2281 1462 2348 (non
1502 2279 1582 2333 ὅτι
1622 2279 1721 2350 ὡς)
1760 2280 1791 2333 6
1832 2282 1974 2350 Θρᾷξ
2011 2283 2303 2335 Διονύςιος
2341 2282 2372 2336 6
2409 2283 2535 2349 περὶ

359 2371 470 2421 τῶν
510 2367 649 2420 ὀκτὼ
700 2370 876 2431 μερῶν
925 2368 1035 2418 κτλ.
1128 2363 1471 2433 subiungitur
1517 2366 1694 2416 autem
1742 2365 2050 2433 explanatio
2094 2367 2150 2418 in
2199 2366 2284 2419 his
2329 2366 2534 2420 duobus

362 2452 630 2505 codicibus
657 2450 838 2503 libello
868 2450 1133 2515 Γεωργίου
1159 2453 1256 2502 τοῦ
1285 2450 1649 2515 Χοιροβοςκοῦ
1684 2451 1807 2515 περὶ
1832 2455 2153 2521 προςῳδιῶν
2181 2450 2275 2524 (=
2300 2450 2402 2504 BA
2429 2450 2532 2505 703
2553 2461 2597 2495 2⁶

359 2536 642 2608 --708)†).
733 2534 1101 2587 Theodosii
1157 2552 1357 2586 nomen
1404 2535 1785 2587 commentario
1832 2553 2110 2603 perperam
2148 2535 2379 2589 inditum
2417 2553 2532 2589 esse

361 2625 511 2692 patet
547 2639 647 2674 nec
685 2621 844 2672 aliam
882 2620 949 2672 ob
990 2637 1230 2687 causam,
1270 2619 1377 2671 nisi
1415 2619 1542 2686 quia
1579 2620 1823 2685 κείμενον
1855 2619 2155 2673 Theodosio
2182 2619 2532 2673 tribuebatur.

360 2708 686 2776 reliquorum
742 2708 922 2758 autem
978 2705 1259 2757 nominum
1306 2706 1557 2756 neutrum
1603 2722 1817 2773 prorsus
1862 2704 2059 2758 falsum
2105 2722 2219 2758 esse
2267 2704 2536 2759 intellexit

361 2791 1029 2845 Hoerschelmannus
1095 2791 1152 2842 in
1215 2789 1369 2842 Actis
1408 2790 1701 2861 &societatis
1763 2789 2070 2861 philologae
2130 2789 2425 2860 Lipsiensis
2478 2789 2532 2844 V

502 2948 545 3002 ³³)
594 2947 688 3003 Ipsi
726 2945 953 3002 Dionysio
992 2946 1136 3003 caput
1174 2947 1281 3001 περὶ
1319 2946 1601 3000 προςῳδιῶν
1641 2945 1924 2990 adscribitur
1963 2946 2012 2989 in
2053 2946 2213 2990 codice
2247 2944 2532 2991 scholiorum
2555 2949 2599 2983 ³0

361 3019 677 3075 Neapolitano
711 3017 806 3074 (N),
838 3017 887 3059 in
920 3015 1047 3060 cuius
1079 3015 1190 3059 folio
1225 3020 1322 3059 115r
1351 3014 1573 3072 legimus:
1622 3016 1860 3077 προςῳδία
1898 3016 2147 3062 Διονυςίου
2186 3020 2273 3062 τοῦ
2315 3018 2531 3063 Ἀλεξαν-

362 3091 510 3145 δρέως
542 3089 635 3134 ἀπὸ
668 3092 837 3143 φωνῆς
868 3088 1113 3143 διαφόρων
1145 3088 1405 3142 ἐξηγητῶν.
1465 3087 1516 3131 at
1545 3088 1702 3131 nescio
1734 3100 1794 3131 an
1824 3086 1900 3131 hie
1929 3087 2179 3133 Διονυςίου
2201 3101 2259 3132 ex
2281 3086 2532 3133 Θεοδοςίου

361 3161 550 3204 nomine
583 3159 851 3216 corruptela
881 3160 1035 3203 ortum
1067 3157 1139 3201 sit.

478 3232 542 3286 ¹⁸¹³)
576 3230 697 3282 Olim
730 3229 950 3286 opinatus
981 3242 1085 3272 sum
1104 3228 1336 3285 'scriptam
1369 3242 1469 3273 esse
1500 3243 1594 3274 non
1617 3243 1720 3274 eam
1753 3228 1943 3285 quidem
1963 3229 2284 3287 supplementi
2315 3229 2530 3284 formam,

362 3315 501 3357 quam
534 3314 617 3345 nos
648 3301 697 3343 in
728 3299 965 3344 codicibus
996 3299 1210 3356 legimus,
1242 3299 1326 3343 sed
1355 3300 1610 3357 genuinam
1640 3302 1751 3345 ante
1781 3299 2116 3344 Herodianum.
2551 3311 2596 3345 35
2662 3292 2668 3295 ⁷

448 3371 544 3427 ***)
590 3370 833 3414 Bekkerus
881 3370 995 3414 dicit
1039 3372 1087 3413 in
1118 3369 1402 3414 Barocciano
1447 3369 1584 3414 illum
1629 3370 1821 3414 titulum
1862 3371 2076 3415 additum
2115 3359 2216 3415 esse
2256 3385 2286 3415 a
2323 3383 2415 3416 ree.
2455 3385 2531 3425 m.,

363 3456 523 3487 verum
574 3442 718 3485 etiam
768 3455 796 3483 a
843 3440 995 3496 prima
1050 3455 1190 3484 manu
1242 3444 1437 3485 exarata
1495 3440 1717 3498 leguntur
1769 3440 1817 3484 in
1872 3441 2112 3498 superiore
2168 3440 2269 3486 folii
2321 3442 2532 3498 margine

362 3528 510 3569 πορφ.
530 3546 539 3557 .
557 3513 628 3557 ίου
648 3546 657 3557 .
679 3546 717 3560 ..
749 3526 842 3567 προ
866 3547 876 3558 .
898 3544 907 3555 .
932 3546 940 3555 .
967 3516 1053 3556 ἰἀς.
1118 3510 1243 3567 quod
1272 3511 1446 3556 idcirco
1477 3511 1676 3556 alicuius
1705 3511 1935 3556 momenti
1966 3514 2036 3557 est
2065 3510 2176 3568 quia
2205 3512 2311 3557 Bar.
2345 3511 2533 3557 videtur

362 3584 569 3628 omnium
601 3597 718 3639 quos
748 3582 885 3625 simul
916 3582 1105 3625 laudavi
1136 3582 1348 3627 codicum
1379 3582 1665 3640 archetypon
1697 3596 1810 3628 esse.

503 3656 552 3712 †)
583 3653 665 3709 qui
702 3654 749 3699 in
783 3654 957 3699 eisdem
989 3654 1053 3697 sic
1084 3652 1265 3697 finitur:
1297 3654 1354 3697 ἐν.
1377 3654 1448 3698 οἷς
1480 3654 1565 3699 οὖν
1595 3656 1653 3699 τὸ
1684 3657 1887 3710 χαλκοῦς
1918 3655 2132 3709 ςιδηροΟς
2163 3658 2359 3709 χρυςοῡς
2388 3654 2525 3709 ἀργυ-
2552 3661 2597 3696 ιο

364 3730 476 3781 ροῦς
508 3727 637 3770 ἁπλᾶ
659 3725 765 3780 εἰςι,
799 3728 873 3769 καὶ
906 3726 1118 3777 εὐλόγως
1150 3728 1471 3779 περιςπῶνται
1492 3728 1577 3778 .(=
1599 3725 1677 3786 BA
1700 3728 1933 3782 708„-„).
1984 3726 2095 3770 Τῶν
2117 3726 2167 3769 δὲ
2186 3723 2533 3780 τεχνογράφων

364 3798 407 3840 οἱ
439 3798 524 3850 μὲν
556 3795 652 3840 ἀπὸ
685 3797 831 3850 λόγου
863 3798 1091 3851 ἤρξαντο,
1133 3795 1177 3839 οἱ
1207 3796 1256 3838 δέ
1295 3795 1391 3840 ἀπὸ
1430 3797 1568 3853 ὅρου,
1608 3797 1721 3841 ἔνιοι
1750 3797 1802 3840 δὲ
1832 3797 1927 3840 ἀπὸ
1958 3796 2155 3850 λέξεως»,
2193 3796 2327 3840 ἄλλοι
2356 3796 2407 3840 δὲ
2435 3794 2532 3839 ἀπὸ

365 3870 615 3922 ςυλλαβῆς,
648 3868 771 3912 τινὲς
801 3867 852 3911 δὲ
883 3866 978 3910 ἀπὸ
1011 3865 1252 3919 ςτοιχείου.
1306 3865 1390 3910 εἰςί
1420 3867 1472 3911 δὲ
1510 3869 1585 3911 καί
1617 3867 1661 3911 οἱ
1693 3867 1756 3923 (οἱ
1777 3878 1853 3910 om
1875 3865 1934 3921 H)
1966 3867 2061 3910 ἀπὸ
2094 3870 2262 3923 φωνῆς
2283 3866 2532 3922 ἀρξάμενοι

364 3938 390 3980 ὃ
423 3940 498 3981 καὶ
530 3940 735 3992 ἄμεινον.
785 3939 813 3991 ἡ
847 3938 937 3992 γὰρ
967 3938 1079 3991 ὅλης
1111 3934 1236 3992 (lege
1262 3938 1371 3992 ὕλη)
1403 3941 1723 3993 γραμματικῆς
1755 3939 1872 3982 λέξις
1904 3937 2000 3981 ἐςτί
2032 3938 2171 3990 (λέξις
2191 3935 2314 3992 αὐτή
2335 3935 2431 3981 ἑςτι
2451 3932 2530 3991 Η),
2601 3991 2605 3996 ⁸

365 4011 611 4063 ςυνέςτηκε
643 4009 693 4052 δὲ
725 4009 776 4052 ἐκ
809 4009 1078 4062 ςυλλαβῶν,
1109 4007 1155 4051 αἱ
1185 4008 1235 4050 δὲ
1267 4009 1487 4062 ςυλλαβαί
1508 4009 1604 4053 ἀπὸ
1627 4007 1885 4063 ςτοιχείων,
1918 4010 1978 4052 τὰ
1998 4009 2049 4053 δὲ
2071 4011 2270 4063 ςτοιχεῖα
2291 4007 2320 4060 ἡ
2355 4006 2527 4062 πρώτη
2549 4005 2594 4038 ⁴⁵

364 4080 439 4122 καὶ
471 4079 645 4133 ἄτομος
678 4080 819 4134 φωνὴ
851 4077 1047 4133 ὑπάρχει
1080 4080 1151 4133 (=
1174 4076 1253 4120 BA
1278 4083 1488 4136 ’ἰδοῦ-η).
