2814 4400
996 262 1078 306 DE
1109 263 1442 309 STEMMATE
1472 264 1743 311 CODICVM
2292 269 2441 313 XXXI

292 406 390 458 pro
425 389 733 443 ἑνεςτῶτος.
806 407 941 458 quae
984 389 1165 442 omnia
1199 390 1257 441 in
1295 391 1349 446 SD
1389 395 1622 444 correcta
1669 396 1820 444 erant
1855 393 1972 463 (19,
1998 394 2138 446 2—3
2176 411 2239 445 ex
2277 398 2442 447 erote·

289 473 446 525 matis
499 473 747 542 vetustis3
803 474 897 542 53,
934 473 968 526 3
1012 473 1090 526 ita
1134 475 1194 525 ut
1241 491 1338 541 pro
1390 478 1638 543 corrupto
1688 477 1936 544 genetivo
1992 477 2250 546 scriptum
2304 483 2443 530 esset

293 557 559 628 ἐνεςτὼς).

432 738 578 792 Hinc
614 740 887 794 ducendae
923 740 1024 792 hae
1050 738 1450 808 depravationes
1485 757 1617 808 quae
1643 758 1946 795 communes
1971 744 2207 796 codicum
2235 743 2443 798 GVHA

186 822 189 824 ’
247 826 440 876 nsunt:
496 824 594 889 40,
620 824 655 876 2
691 829 1000 890 τηλικοῦτος
1045 828 1304 878 τοςοῦτος
1351 841 1448 893 pro
1496 829 1751 879 τοςοῦτος
1787 830 2112 892 τηλικοῦτος.
2187 829 2280 898 60,
2306 830 2446 882 3-4

288 914 366 978 τῷ
404 908 590 974 ῥήματι
629 911 716 963 καὶ
750 915 827 979 τῷ
867 909 1089 974 ὀνόματι
1125 926 1222 976 pro
1258 914 1333 977 τῷ
1372 909 1592 976 ὀνόματι
1629 911 1713 977 καὶ
1748 916 1823 978 τῷ
1862 911 2063 975 ῥήματι.
2133 912 2217 980 64,
2247 915 2272 964 1
2313 914 2443 983 αὐτῇ

289 1010 388 1062 pro
424 999 487 1062 τῇ
527 994 846 1063 ἀντωνυμίᾳ.
910 993 994 1058 67,
1025 993 1070 1048 l.
1097 993 1147 1044 5.
1175 992 1208 1044 6
1245 993 1737 1060 praetermissiones
1773 993 1961 1046 harum
1999 1013 2212 1048 vocum:
2255 997 2442 1059 ἑνικός,

288 1082 527 1147 γενικῆς,
566 1081 807 1146 δοτικῆς,
845 1078 1142 1142 αἰτιατικῆς.
1205 1077 1289 1145 68,
1317 1083 1348 1130 3
1380 1078 1493 1144 εἴδη
1532 1079 1630 1131 δύο
1669 1096 1768 1147 pro
1806 1078 1918 1143 εἴδη
1948 1081 2022 1147 δὲ.
2052 1111 2113 1117 -
2143 1080 2191 1144 9,
2213 1081 2260 1132 8.
2293 1082 2374 1148 13,
2397 1087 2444 1133 5.

293 1163 375 1226 14,
406 1164 432 1214 1
462 1164 516 1214 et
540 1162 587 1215 2.
653 1161 735 1230 15,
764 1162 792 1212 1
831 1161 1156 1214 adiectiones
1194 1160 1384 1214 horum
1420 1163 1730 1215 verborum:
1769 1163 1888 1217 οἷον
1927 1166 1961 1215 ἇ
1997 1166 2053 1231 ῆ,
2091 1164 2188 1217 ἰὼν
2226 1165 2447 1230 εὐεργέα

234 1266 276 1298 ιο
296 1250 418 1315 νῆα,
457 1264 514 1300 τε
551 1247 753 1311 χιτῶνά
779 1263 836 1299 τε
864 1247 1044 1301 ἕννυτ’
1069 1247 1366 1317 Ὀδυςςεύς,
1405 1247 1537 1314 ἀκὴν
1563 1248 1819 1311 ἐγένοντο
1846 1254 2033 1317 ςιωπῇ,
2072 1248 2445 1302 ἀνεπεκτάτων

289 1331 413 1385 κατ’
449 1330 660 1402 εὐθεῖαν
697 1331 782 1384 καὶ
818 1331 995 1397 ἑνικὴν
1032 1335 1248 1386 πτῶςιν.
1323 1335 1483 1400 atque
1522 1332 1681 1385 etiam
1719 1330 1854 1402 quod
1893 1332 1943 1396 9,
1979 1333 2014 1383 2
2050 1332 2107 1384 in
2145 1331 2245 1385 GV
2282 1351 2376 1401 pro
2413 1337 2448 1386 ἃ

289 1429 486 1499 legitur
520 1418 615 1500 RB,
652 1447 717 1482 ex
752 1430 803 1486 Q
841 1430 1186 1484 derivandum
1223 1435 1320 1485 est.

1314 1545 1423 1615 (Q)-

431 1635 591 1689 Hunc
641 1636 873 1689 codicem
926 1640 988 1690 ut
1031 1637 1172 1690 inter
1223 1637 1275 1693 Q
1332 1640 1386 1689 et
1449 1636 1497 1689 G
1553 1638 1950 1705 interponerem
2006 1637 2261 1690 adductus
2315 1655 2446 1704 sum,

289 1721 414 1790 quia
450 1710 619 1773 altera
655 1738 778 1789 pars
816 1739 1001 1774 eorum
1038 1722 1229 1790 quibus
1256 1722 1302 1774 G
1338 1721 1405 1773 ab
1432 1721 1590 1775 VHA
1616 1722 1791 1773 differt
1827 1722 2044 1774 debetur
2081 1721 2448 1774 deliberationi

224 1826 266 1859 15
291 1805 500 1858 cuidam
548 1808 602 1857 et
648 1804 928 1870 scientiae,
978 1805 1144 1858 altera
1192 1823 1426 1859 summae
1462 1805 1835 1876 neglegentiae
1872 1806 2327 1875 ignorantiaeque.
2403 1796 2462 1862 (ξ’

287 1889 411 1942 libri
465 1890 671 1942 auctori
725 1880 969 1942 adscribo
1022 1907 1138 1942 eam
1192 1891 1648 1959 paragraphorum
1696 1891 2291 1959 supplementorumque
2342 1893 2447 1942 tra-

288 1974 601 2044 iectionem,
640 1978 700 2027 ut
737 1975 1055 2028 antecedant
1091 1975 1162 2041 §§
1207 1974 1413 2027 11-20
1449 1978 1669 2044 excepta
1706 1978 1739 2042 ξ
1781 1974 1872 2042 14,
1913 1978 2202 2044 sequantur
2239 1975 2448 2044 supple-

13 2113 34 2131 ?
287 2062 527 2114 ment-um
562 2059 588 2111 I
622 2063 677 2112 et
715 2062 785 2127 ἓξ
825 2060 998 2112 l—lO
1033 2061 1253 2128 excepta
1288 2062 1320 2126 ξ
1348 2060 1406 2125 6,
1457 2059 1646 2112 deinde
1689 2062 1722 2126 ξ
1762 2060 1850 2123 14,
1891 2059 2127 2112 narratio
2163 2063 2224 2112 de
2273 2058 2448 2128 alpha-

31 2131 50 2213 ι’
287 2143 400 2196 beti
436 2144 613 2214 graeci
665 2144 899 2214 origine,
949 2147 982 2212 ξ
1025 2145 1083 2213 6,
1136 2145 1393 2213 expositio
1437 2144 1501 2197 de
1546 2144 1877 2214 singularum
1920 2143 2216 2196 litterarum
2257 2147 2448 2196 natura

29 2236 32 2237 ’
226 2248 268 2281 20
289 2246 519 2298 usuque,
560 2228 809 2298 Gregorii
846 2232 900 2281 et
923 2229 1125 2299 Ignatii
1161 2228 1460 2281 acrosticha
1497 2228 1831 2297 alphabetica
1867 2227 2218 2281 adhortativa.
2277 2228 2446 2281 eidem

286 2313 462 2366 tribuo
488 2314 648 2366 etiam
674 2312 770 2365 has
794 2313 1169 2382 inscriptiones
1196 2314 1243 2382 7,
1270 2313 1304 2366 3
1330 2316 1384 2366 et
1408 2313 1456 2379 9,
1487 2314 1544 2366 1:
1583 2315 1704 2378 περὶ
1741 2316 1951 2378 ςτιγμῆς
1987 2315 2073 2367 καὶ
2109 2314 2446 2381 ὑποςτιγμῆς,

22 2424 51 2461 ·’--
287 2413 407 2478 περὶ
442 2417 552 2467 τῶν
586 2402 653 2466 ἶδ
692 2413 984 2479 ςτοιχείων.

429 2595 968 2650 Grottaferratensem
1015 2596 1174 2649 etiam
1217 2599 1372 2663 tunc,
1422 2613 1540 2648 cum
1587 2594 1986 2647 adnotationem
2032 2594 2270 2647 criticam
2307 2612 2446 2647 com-

15 2730 35 2746 --
286 2682 567 2750 ponebam,
590 2698 654 2733 ex
673 2681 922 2734 Leidensi
941 2680 1287 2733 derivandum
1308 2698 1420 2733 esse
1442 2679 1714 2749 opinabar,
1742 2682 2036 2732 commotus
2055 2682 2266 2748 praeter
2283 2680 2446 2732 miros

0 2725 31 2862 ἒ
223 2786 266 2822 2⁵
287 2765 490 2835 aliquot
525 2769 818 2819 concentus
854 2766 1001 2819 hisce
1038 2766 1194 2819 locis:

26 2837 31 2842 ’
430 2850 523 2920 15,
549 2851 585 2903 2
622 2854 817 2918 ςτοιχεῖ
851 2852 956 2905 ἐςτί
993 2850 1066 2904 G:
1111 2869 1237 2902 nam
1273 2849 1317 2902 L
1354 2853 1551 2917 ςτοιχεῖ
1595 2850 1653 2902 in
1697 2849 1803 2902 fine
1850 2866 2033 2902 versus
2079 2808 2242 2901 habet
2287 2852 2444 2918 atque

287 2934 442 2988 initio
480 2935 849 3004 subsequentis
888 2936 922 2988 ά
959 2936 1081 2989 ἐςτι.

339 3030 342 3033 ⁴
428 3021 573 3088 81,1
613 3021 664 3074 οἷ
699 3038 797 3089 pro
835 3020 954 3075 οἷον
992 3019 1065 3072 G:
1103 3038 1333 3088 namque
1370 3019 1428 3072 in
1464 3018 1507 3070 L
1545 3019 1599 3073 οἷ
1634 3019 1952 3072 versiculum
1990 3017 2210 3083 claudit,
2263 3036 2328 3073 ov
2367 3035 2444 3070 se·
2503 3044 2505 3046 ·

288 3107 538 3174 quentem
573 3105 808 3158 incohat.

223 3212 267 3245 30
429 3191 591 3260 96,1
644 3190 689 3244 εἰ
734 3207 833 3259 pro
879 3189 973 3244 εἰςὶ
1017 3191 1092 3243 G:
1141 3190 1339 3243 etenim
1387 3189 1430 3241 L
1465 3189 1604 3243 hanc
1649 3207 1833 3242 vocem
1878 3189 1936 3240 in
1982 3187 2112 3240 duos
2158 3187 2443 3240 versiculos

0 3280 27 3348 ξ
73 3314 78 3318 -
287 3275 577 3329 distribuit.

428 3360 504 3412 At
540 3378 597 3412 re
633 3360 825 3412 iterum
862 3359 1160 3428 iterumque
1196 3357 1465 3428 pensitata
1500 3357 1737 3410 intellexi
1774 3375 1837 3409 oa
1874 3374 2009 3425 quae
2048 3359 2191 3409 certa
2219 3357 2442 3426 originis

18 3493 25 3515 3
286 3444 482 3497 indicia
517 3447 854 3513 putaveram,
895 3444 1039 3497 casui
1074 3443 1359 3496 tribuenda
1396 3461 1525 3495 esse.
1599 3459 1855 3512 magnum
1890 3444 2072 3493 tamen
2108 3441 2337 3510 pretium
2373 3459 2441 3493 ne

15 3516 31 3571 ’ἓ
286 3546 431 3581 nunc
468 3529 679 3598 quidem
718 3529 766 3583 G
805 3529 972 3582 codici
1021 3529 1300 3581 constituo
1376 3527 1572 3580 etenim
1610 3545 1673 3579 ex
1713 3529 1757 3582 (S,
1793 3526 1871 3578 ita
1907 3524 2199 3594 descriptus
2237 3529 2339 3591 est,
2383 3529 2443 3577 ut

223 3633 266 3666 35
288 3614 338 3670 Q
365 3617 419 3666 et
444 3614 488 3671 (ξ
513 3614 769 3667 librorum
805 3613 1189 3666 mutationibus
1228 3612 1506 3665 adderetur
1529 3602 1854 3664 incredibilis
1881 3627 2114 3662 errorum
2139 3610 2441 3678 multitudO,

288 3717 513 3769 quorum
557 3702 763 3767 partem
809 3701 1019 3751 tantum
1066 3698 1319 3750 maiorem
1364 3697 1420 3749 in
1464 3696 1807 3749 adnotatione
1850 3681 2061 3764 protuli.
2137 3693 2261 3762 quid
2298 3694 2440 3746 enim

288 3784 564 3837 adtinebat
610 3783 864 3836 adnotata
908 3783 1105 3836 talibus
1152 3800 1371 3836 onerare
1418 3780 1595 3850 qualia
1641 3783 1768 3832 sunt
1816 3780 1905 3842 10,
1944 3779 1976 3831 6
2023 3779 2082 3833 ἔν
2128 3778 2173 3831 εἰ
2216 3779 2306 3831 ὅτε
2341 3795 2439 3846 pro

287 3869 481 3933 ἐνίοτε,
535 3868 601 3919 14
614 3908 627 3934 ,
656 3867 690 3919 2
737 3868 842 3922 ἄνα
877 3885 975 3936 pro
1012 3868 1117 3934 ἄρα
1130 3910 1145 3937 ,
1182 3867 1267 3932 22,
1302 3867 1336 3918 2
1372 3866 1508 3931 παρ’
1545 3865 1729 3930 ἐμποις
1764 3881 1862 3932 pro
1907 3881 2008 3929 περ
2045 3863 2238 3929 ἔμπης,
2275 3861 2370 3929 26,
2410 3862 2437 3914 1

288 3954 520 4019 ἀχιλλές,
560 3952 643 4017 80,
670 3952 704 4003 2
741 3953 989 4021 εἰκαςμῶ,
1037 3952 1123 4018 80,
1151 3953 1184 4004 3
1221 3952 1395 4018 χορίς,
1445 3949 1526 4013 83,
1562 3949 1589 4000 1
1628 3947 1802 4014 ἦτονῬ
1838 3965 1974 4016 quae
2012 3945 2189 3998 omnia
2226 3945 2440 3998 Grotta-

223 4058 267 4091 40
287 4036 597 4090 ferratensis
633 4025 920 4105 peculiaria
957 4039 1096 4089 sunt.
