2808 4394
211 453 234 486 5

436 295 526 340 DE
555 295 742 340 SYLL.
773 296 1246 342 COMMVNIBVS
1305 296 1393 340 DE
1423 296 1779 341 PARTIBVS
1811 297 2208 344 ORATIONIS
2338 301 2408 352 23

397 427 505 480 Τοῦ
545 426 604 479 δὲ
642 426 810 488 λόγου
863 426 992 491 μέρη
1032 426 1169 479 ἐςτὶν
1209 425 1373 479 ὀκτώ·
1430 425 1628 493 ὄνομα,
1688 427 1848 493 ῥῆμα,
1900 428 2123 494 μετοχή,
2187 425 2407 495 ἄρθρον,

255 509 578 577 ἀντωνυμία,
617 512 880 578 πρόθεςις,
919 509 1195 579 ἐπίρρημα,
1234 510 1533 575 ςύνδεςμος.
1594 511 1627 575 ἡ
1665 511 1767 575 γὰρ
1806 513 2134 578 προςηγορία
2159 504 2235 566 ’ὡς
2261 512 2408 567 εἶδος

254 601 329 664 τῷ
366 594 587 661 ὀνόματι
625 594 998 661 ὑποβέβληται.

254 734 623 791 [macarium
654 749 932 778 scmrrvnffl
962 749 1009 776 IN
1039 732 1410 789 LGBVHAfb]
1517 733 1544 777 1
1574 735 1696 778 ἐςτὶν
1726 733 1835 778 LG:
1870 735 1983 779 εἰςὶν
2003 734 2056 790 Β,
2089 750 2164 780 om
2195 736 2406 781 VHAfb

250 805 266 861 Η
319 803 350 849 2
377 805 487 848 ante
519 806 772 859 ςύνδεςμος
802 803 895 848 add
927 806 1000 848 καί
1033 803 1192 847 HAfb
1231 805 1247 859 ll
1365 803 1487 848 2-8
1518 807 1547 859 ἡ
1579 806 1668 860 γὰρ
1697 830 1749 838 -
1782 805 2097 860 ὑποβέβληται
2128 820 2203 850 om
2235 806 2412 851 VHAf

250 877 263 933 Η
320 876 352 921 3
382 877 725 932 ὑπερβέβληται
757 873 820 927 G3
853 873 1023 918 deinde
1054 875 1314 930 sequuntur
1342 875 1391 918 in
1422 873 1532 918 GB:
1564 878 1665 919 τῶν
1694 876 1745 919 δέ
1775 880 1932 930 μερῶν
1961 880 2046 920 τοῦ
2080 878 2224 930 λόγου
2256 878 2405 923 κλίνε-

250 961 324 992 ται
355 948 439 1002 μὲν
472 951 514 992 ἓ.
545 947 708 1001 ὄνομα.
738 945 879 1000 ῥῆμα.
913 946 1103 1000 μετοχή.
1134 945 1324 1000 ἄρθρον.
1355 945 1642 1000 ἀντωνυμία.
1677 946 1840 990 ἄκλιτα
1871 947 1920 990 δὲ
1948 952 1990 1000 Ῠ.
2023 948 2249 1003 πρόθεςις.
2282 948 2404 1004 enip-

248 1032 387 1074 ρημα.
419 1019 668 1072 ςύνδεςμος

245 1130 639 1187 [Dmcnnnurun
666 1146 723 1173 Εἰ·
753 1143 1032 1172 'rasa-monn
1053 1143 1296 1172 scnomon.
1314 1130 1442 1183 (Σλ)
1468 1143 1777 1173 Ειιοτεκᾼτπι
1811 1132 1894 1186 (Ε)
1931 1145 2139 1182 ᾼιῐοιινια
2150 1133 2400 1188 semerom]

246 1202 276 1255 ἡ
308 1201 398 1256 γὰρ
428 1202 656 1256 ἔμμετρος
687 1201 890 1245 ςύνθεςις
920 1203 1023 1243 τῶν
1054 1200 1229 1244 λέξεων
1250 1199 1437 1244 τελείαν
1460 1201 1647 1244 ἔννοιαν
1669 1200 1756 1255 (sic
1778 1199 1981 1255 UHUn,
2012 1201 2196 1247 τελείας
2224 1202 2406 1247 ἐννοίας

244 1270 293 1326 b)
326 1272 603 1327 ςημαίνουςα
643 1271 860 1326 περίοδος
890 1271 1110 1314 καλεῖται.
1177 1284 1330 1326 neque
1369 1274 1419 1314 Σ
1441 1273 1569 1326 84οη
1601 1269 1808 1326 (Steph):
1853 1275 1999 1315 τοῦτο
2043 1272 2254 1325 ἐκβάλλει
2291 1274 2404 1318 τοὺς

250 1343 520 1399 ἐμμέτρους.
579 1342 790 1398 ὁριςτέον
836 1340 922 1385 οὖν
962 1342 1139 1387 οὕτως·
1179 1342 1381 1386 ςύνθεςις
1419 1341 1596 1385 λέξεων
1633 1341 1934 1397 κατάλληλον
1970 1343 2178 1386 διάνοιαν
2215 1342 2405 1397 ἀπαρτί·

246 1416 387 1459 ζουςα
419 1412 543 1470 (lege
574 1413 901 1467 κατάλληλος).
958 1424 1111 1468 neque
1142 1416 1192 1456 Σ
1216 1412 1266 1455 in
1296 1411 1395 1455 V11:
1427 1413 1663 1466 μεμπτέος
1691 1413 1814 1466 ,ἄγαν
1844 1413 1869 1456 ὁ
1900 1413 2128 1467 τεχνικός,
2169 1413 2287 1457 καθὸ
2318 1414 2406 1457 τὸν

246 1483 393 1537 λόγον
422 1486 564 1540 πεζῆς
595 1484 767 1529 λέξεως
797 1484 1008 1528 ςὺνθεςιν
1047 1484 1201 1527 εἶπεν·
1241 1483 1282 1527 εἰ
1310 1484 1399 1538 γὰρ
1429 1484 1557 1527 οὕτω
1596 1483 1842 1537 δεξόμεθα,
1882 1484 2168 1538 ἐκβάλλομεν
2197 1487 2272 1528 καὶ
2302 1485 2405 1529 ἀθε·

248 1558 425 1607 τοῦμεν
454 1556 566 1599 τοὺς
597 1555 855 1610 ἐμμέτρους
884 1555 1069 1607 λόγους.
1126 1567 1282 1610 neque
1318 1553 1497 1598 habent
1533 1553 1679 1597 verba
1708 1556 1782 1598 Eg
1812 1555 1895 1597 aut
1922 1553 2124 1598 Zonaras
2157 1559 2285 1608 1315;
2321 1556 2404 1599 sed

245 1623 424 1668 habent
452 1627 500 1669 Ε
510 1625 529 1654 ¹²
570 1628 616 1669 E
626 1627 639 1654 ²
677 1624 886 1681 epitoma
921 1623 988 1678 (in
1009 1626 1082 1668 Ev
1111 1624 1264 1667 totum
1287 1625 1595 1679 enuntiatum,
1628 1625 1678 1667 in
1699 1635 1735 1668 σ
1763 1625 1866 1667 tota
1884 1625 2210 1682 paragraphus
2239 1626 2404 1679 deest).

247 1695 389 1750 atque
419 1694 468 1737 in
499 1694 770 1739 erotematis
802 1693 1243 1738 Vindobonensibus
1275 1707 1333 1738 ex
1362 1693 1533 1750 quibus
1564 1695 1787 1750 excerpta
1815 1693 2079 1739 MSchmidt
2105 1695 2270 1740 Philol.
2292 1695 2404 1739 VIII

245 1769 327 1808 517
360 1764 530 1820 edidit,
577 1764 693 1809 haec
730 1764 950 1821 legimus,
989 1765 1037 1807 τί
1078 1765 1171 1809 ἐςτι
1201 1767 1364 1818 λόγος;
1406 1765 1612 1808 ςύνθεςις
1650 1766 1828 1810 λέξεων
1865 1766 2159 1822 κατάλληλος
2196 1768 2405 1812 διάνοιαν

236 1834 555 1889 ,ἀπαρτίζουςα
595 1836 662 1890 (v.
703 1834 931 1892 Stephani
959 1834 1199 1888 scholion).
1266 1836 1343 1879 καὶ
1374 1835 1551 1879 ἄλλως·
1592 1838 1737 1890 πεζῆς
1772 1849 1825 1879 τε
1865 1837 1941 1880 καὶ
1971 1825 2201 1892 ἐμμέτρου
2233 1838 2405 1883 λέξεως

241 1906 369 1949 ςὺνθ.
403 1907 442 1948 δ.
472 1907 578 1954 αὐτ.
609 1907 827 1961 δηλοῠςα.
888 1905 986 1950 Iam
1016 1905 1222 1949 dubitari
1250 1905 1429 1960 nequit,
1462 1904 1576 1961 quin
1606 1904 1984 1950 additamentum
2006 1920 2059 1951 τε
2077 1909 2152 1951 καί
2174 1908 2403 1963 ἐμμέτρου

240 1975 544 2032 Moschopulo
566 1977 810 2033 debeatur,
831 1977 964 2021 cuius
985 1977 1227 2031 διορθώςει
1247 1976 1431 2020 mutata
1449 1975 1650 2033 legimus
1671 1978 1933 2020 erotemata
1950 1976 2000 2020 in
2020 1979 2113 2023 ΕΙ).
2155 1977 2263 2021 vide
2281 1991 2402 2034 quae

238 2050 287 2092 in
317 2046 355 2089 B
394 2047 554 2092 codice
594 2048 784 2104 appicta
822 2047 964 2092 rubro
995 2049 1126 2102 sunt,
1173 2048 1222 2090 et
1258 2047 1328 2090 cfr
1355 2047 1503 2103 praef.
1535 2046 1594 2091 de
1625 2048 1806 2091 ratione
1846 2061 1967 2103 quae
1998 2047 2251 2092 intercedit
2278 2048 2406 2092 inter

238 2120 316 2164 Eb
366 2118 621 2175 epitomam
668 2121 740 2163 Et
786 2118 1042 2163 deteriores
1072 2117 1185 2162 artis
1215 2117 1409 2161 codices.
1468 2117 1701 2174 pluralem
1730 2118 2006 2175 genetivum
2036 2119 2228 2173 λέξεων,
2260 2132 2402 2175 quem

239 2189 504 2246 Stephanus
553 2173 750 2245 flagitat,
800 2188 980 2233 habent
1026 2188 1290 2245 complures
1340 2187 1636 2245 grammatici
1672 2187 1905 2233 inferioris
1952 2189 2002 2233 et
2044 2189 2234 2233 infimae
2274 2191 2402 2235 aeta-

238 2259 313 2303 tis.
370 2258 509 2303 Mich.
550 2257 783 2315 Syngelus
822 2258 1071 2317 [Georgius
1108 2257 1396 2315 Lecapenus]
1436 2261 1542 2314 περὶ
1580 2260 1845 2305 ςυντάξεως
1881 2259 1951 2303 fol
1989 2265 2067 2303 171
2091 2274 2142 2304 v:
2192 2262 2333 2313 λόγος
2369 2263 2399 2316 ἡ

238 2332 471 2384 αὐτοτελῆ
503 2330 711 2374 διάνοιαν
751 2332 954 2386 δηλοῦςα
983 2335 1086 2374 τῶν
1117 2330 1293 2374 λέξεων
1323 2330 1572 2384 παράθεςις
1594 2330 1679 2385 (fol
1703 2335 1821 2374 1721
1851 2331 2088 2386 ςύνθεςις).
2148 2331 2197 2374 in
2217 2331 2400 2387 byblio-

238 2401 404 2444 thecae
434 2399 754 2457 Angelicanae
786 2401 945 2446 codice
978 2401 1012 2446 C
1043 2408 1084 2454 5,
1116 2407 1141 2445 3
1171 2401 1295 2444 inest
1326 2400 1557 2455 Γεωργίου
1589 2401 1836 2456 ςχολαρίου
1870 2402 2401 2447 Κωνςταντινοπολίτου

239 2474 346 2527 περὶ
375 2475 478 2515 τῶν
508 2472 637 2516 ὀκτὼ
670 2475 829 2526 μερῶν
858 2476 944 2516 τοῦ
977 2473 1123 2525 λόγου
1154 2471 1439 2527 προθεωρία,
1474 2471 1556 2515 ubi
1586 2471 1705 2529 legis
1733 2471 1781 2515 in
1803 2473 1867 2516 fol
1887 2477 1912 2516 7
1934 2487 1958 2515 r
1986 2473 2106 2518 λέξις
2127 2473 2222 2518 ἐςτὶ
2243 2475 2401 2518 πεζῶν

237 2545 266 2596 ἢ
308 2542 552 2598 ἐμμέτρων
590 2542 767 2587 λέξεων
804 2543 1008 2587 ςύνθεςις
1047 2543 1166 2586 διάν.
1218 2543 1323 2585 αὐτ.
1362 2543 1580 2597 δηλοῦςα.
1639 2543 1849 2587 eiusdem
1887 2542 2016 2599 bybl.
2054 2542 2202 2586 codex
2231 2544 2273 2587 A
2300 2548 2342 2596 4,
2374 2549 2400 2587 3

238 2611 438 2655 eundem
467 2611 660 2664 librum,
710 2611 792 2655 sed
830 2612 957 2656 haud
995 2612 1158 2669 paucis
1187 2612 1302 2656 locis
1332 2613 1567 2657 mutatum
1598 2612 1828 2657 continet:
1872 2612 1940 2656 ibi
1970 2612 2194 2657 definitur
2224 2614 2400 2658 λέξεων

237 2684 432 2726 πολλῶν
462 2684 490 2737 ἢ
522 2683 605 2726 δύο
636 2684 942 2737 τούλάχιςτον
973 2684 1098 2728 ςύνθ.
1126 2685 1164 2727 δ.
1186 2678 1292 2730 αὐτ.
1312 2685 1532 2738 δηλοῡςα.
1559 2682 1857 2740 Chrysoloras
1877 2686 2070 2728 erotem.
2091 2699 2122 2739 p
2145 2687 2192 2725 6:
2223 2684 2400 2728 λέξεων

237 2753 440 2797 ςύνθεςις
477 2753 594 2797 διάν.
632 2755 792 2797 αὐτοτ.
835 2756 1054 2809 δηλοῡςα,
1096 2754 1357 2809 eademque
1397 2753 1551 2798 Const.
1590 2753 1797 2798 Lascaris
1826 2769 1857 2810 p
1889 2760 1929 2798 3.
1963 2779 2017 2786 —
2047 2753 2116 2796 Ex
2146 2753 2399 2798 latinorum

235 2823 645 2879 grammaticorum
679 2824 1028 2869 definitionibus
1057 2824 1189 2868 nulla
1227 2838 1331 2868 eam
1371 2837 1490 2880 quae
1529 2825 1640 2868 ante
1671 2823 2026 2881 Moschopulum
2057 2824 2255 2882 vulgata
2284 2827 2400 2880 erat,

235 2894 365 2938 nulla
409 2894 778 2952 Moschopuliam
823 2895 993 2939 reddit.
1072 2895 1187 2940 Cum
1228 2894 1467 2951 Stephano
1510 2895 1716 2940 concinit
1752 2895 2004 2940 Diomedes
2041 2895 2062 2938 I
2100 2901 2238 2952 30018:
2286 2908 2400 2940 com·

229 2966 401 3023 positio
452 2965 706 3009 dictionum
746 2979 1063 3010 consummans
1096 2967 1391 3019 sententiam;
1449 2965 1689 3023 Apollonii
1738 2965 1830 3011 def.
1881 2966 2125 3010 transtulit
2179 2967 2396 3015 Priscian.

236 3039 279 3081 II
301 3043 420 3093 5323:
453 3037 602 3080 oratio
631 3040 695 3080 est
724 3037 963 3080 ordinatio
993 3037 1249 3081 dictionum
1270 3049 1488 3094 confi-ua,
1518 3037 1793 3081 sententiam
1806 3037 2060 3092 perfectam
2080 3038 2399 3083 demonstrans

238 3114 310 3162 (=
350 3108 491 3161 λόγος
522 3107 618 3151 ἐςτὶ
649 3109 858 3152 ςύνταξις
891 3109 1066 3152 λέξεων
1096 3109 1393 3164 κατάλληλος
1424 3108 1634 3152 διάνοιαν
1664 3109 1826 3152 αὐτοτ.
1859 3110 1978 3163 δηλ.)
2019 3109 2035 3163 ΙΙ
2309 3109 2339 3154 2
2367 3111 2397 3165 ἡ

235 3183 324 3235 γὰρ
354 3177 639 3234 προςηγορία
670 3203 723 3210 —-
753 3179 1069 3235 ὑποβέβληται
1097 3178 1324 3236 legebant
1359 3183 1409 3223 Σ
1427 3183 1541 3234 842„
1564 3178 1694 3232 (Mel)
1735 3179 1785 3222 et
1812 3184 1932 3234 842,9
1955 3178 2139 3235 (Steph)
2173 3179 2223 3222 et
2250 3183 2394 3235 672,2;

236 3263 311 3293 om
341 3252 408 3302 E,
447 3262 575 3302 cum,
627 3247 741 3304 quid
785 3248 873 3292 sibi
910 3249 996 3294 illa
1031 3249 1177 3293 verba
1205 3248 1406 3302 vellent,
1445 3248 1665 3293 inferiore
1706 3249 1862 3293 aetate
1901 3262 1995 3292 non
2024 3248 2394 3306 intellegeretur.

235 3319 342 3363 vide
372 3319 577 3363 indicem
607 3334 640 3362 s.
674 3320 975 3377 προςηγορία.
1034 3319 1376 3373 Quinctilianus
1406 3318 1474 3363 14
1495 3324 1520 3373 ξ
1543 3325 1618 3364 20:
1650 3320 1739 3364 alii
1767 3324 1920 3364 tamen
1950 3333 2006 3364 ex
2035 3320 2216 3365 idoneis
2243 3325 2396 3366 aueto-

234 3390 362 3434 ribus
390 3394 487 3435 octo
513 3394 673 3446 partes
701 3390 845 3435 secuti
871 3395 996 3445 sunt,
1025 3395 1079 3434 ut
1106 3391 1408 3435 Aristarchus
1437 3395 1478 3435 et
1508 3394 1658 3435 aetate
1686 3394 1845 3435 nostra
1865 3391 2138 3445 Palaemon,
2168 3393 2250 3448 qui
2268 3405 2395 3437 voca-

235 3460 391 3504 bulum
418 3461 513 3505 sive
540 3461 893 3516 appellationem
922 3462 1100 3506 nomini
1128 3461 1416 3506 subiecerunt
1444 3465 1676 3518 tamquam
1703 3462 1895 3517 speciem
1916 3462 2015 3506 eius
2043 3465 2170 3516 (nam
2191 3463 2270 3518 sic,
2300 3477 2394 3508 non

233 3531 415 3587 speeies,
453 3546 559 3575 cum
591 3532 863 3589 Spaldingio
904 3532 1234 3588 scribendum).
1303 3546 1423 3588 quae
1454 3546 1739 3588 quamquam
1776 3532 1915 3589 plane
1955 3547 2060 3577 cum
2099 3533 2394 3591 Dionysianis

238 3601 505 3653 concinunt,
537 3603 695 3647 tamen
724 3616 819 3646 non
850 3602 989 3647 credo
1018 3603 1142 3646 hunc
1172 3603 1286 3648 artis
1315 3602 1469 3647 locum
1509 3617 1537 3645 a
1568 3602 1880 3656 Quinctiliano
1912 3603 2196 3661 exscriptum
2235 3606 2282 3648 et
2310 3618 2395 3661 pro

232 3672 463 3729 discipulo
508 3672 782 3730 magistrum
837 3673 1083 3717 laudatum
1132 3687 1252 3727 esse,
1310 3673 1392 3717 sed
1441 3673 1677 3718 rhetorem
1723 3673 2018 3719 Palaemonis
2065 3675 2392 3720 tantummodo

234 3743 407 3787 librum
453 3746 562 3786 ante
602 3742 759 3787 oeulos
796 3743 1013 3788 habuisse
1050 3745 1165 3800 puto
1203 3744 1431 3800 illumque
1462 3743 1687 3800 Dionysio
1730 3759 1866 3788 usum
1910 3745 2003 3790 tale
2043 3746 2156 3801 quid
2202 3746 2392 3791 dixisse:

233 3813 533 3858 Aristarchus
563 3817 605 3857 et
633 3813 715 3868 qui
743 3813 842 3859 eius
862 3819 1023 3870 partes
1049 3813 1368 3870 seiluebantwr,
1397 3815 1520 3860 velut
1548 3814 1826 3872 Dionysius,
1855 3819 1973 3860 recte
1998 3817 2267 3860 vocabulum
2297 3830 2392 3873 eqs.

235 3883 304 3927 cfr
324 3883 471 3940 praef.
523 3885 540 3939 ΙΙ
616 3883 647 3932 3
677 3897 851 3938 eorum,
882 3897 1002 3941 quae
1032 3885 1081 3928 in
1110 3885 1202 3931 fine
1232 3884 1517 3942 paragraphi
1546 3884 1729 3930 codices
1760 3885 1848 3930 (ΞΒ
1880 3886 2103 3940 adiciunt,
2134 3886 2183 3929 in
2213 3891 2264 3931 Σ
2288 3888 2392 3931 nul-

234 3953 333 3997 lum
362 3954 613 4011 vestigium
636 3956 721 4009 est,
750 3954 832 3999 sed
854 3955 1032 4000 habent
1051 3955 1215 4000 eadem
1236 3958 1312 4001 Eb
1332 3955 1381 3999 in
1402 3955 1474 4000 ed.
1496 3971 1566 4013 pr.
1590 3956 1659 4011 (et
1677 3955 1806 4000 Lasc.
1827 3971 1857 4012 p
1879 3962 1905 4000 3
1936 3958 1986 4000 et
2005 3956 2257 4002 Chalcond.
2280 3971 2311 4014 p
2328 3962 2392 4012 6).

240 4065 521 4123 [Lacrxomzs
554 4068 766 4125 numu]
828 4066 950 4113 2-3
982 4069 1010 4122 ἡ
1043 4071 1132 4124 γὰρ
1164 4069 1449 4124 προςηγορία
1478 4093 1526 4100 —-
1564 4068 1882 4126 ὑποβέβληται
1910 4068 2120 4127 legebat;
2153 4084 2247 4115 non
2266 4070 2391 4129 lege·
