2808 4394
406 295 505 345 164

402 415 538 464 οὐδὲ
572 423 637 472 14,
659 423 698 462 8.
728 418 851 471 inter
883 417 1098 472 exempla
1129 417 1458 462 adverbiorum

455 488 781 545 negativorum
815 493 883 543 78,
919 493 938 530 1
972 487 1141 543 legisse
1173 488 1356 533 videtur
1379 502 1456 532 vo·

454 574 550 603 cem
585 559 748 615 Syrus:
782 558 900 602 Add.
930 557 1053 601 XCV
1085 563 1138 602 27

397 624 739 689 οὐδέτερος.
778 630 1031 684 οὐδέτερον
1067 631 1204 683 γένος
1242 634 1457 674 ‘neutrum

452 714 594 756 yenus
624 706 691 753 24,
712 706 751 743 8.
821 700 1089 755 οὐδετέρων
1117 701 1356 744 nominum
1387 714 1455 757 ye-

450 771 576 815 neris
605 771 817 814 neutrius
850 775 921 824 16,
954 775 992 813 2.
1034 796 1087 802 ——
1125 772 1348 826 οὐδετέρα
1377 773 1455 827 ῥη-

453 842 617 895 μάτων
667 841 860 884 διάθεςις
907 841 955 883 οὺ
999 841 1224 896 οὐδέτερα
1269 842 1455 896 ῥήματα

452 911 574 968 apud
606 910 843 954 technicos
873 912 1174 967 posteriores:
1207 912 1312 955 vide
1347 913 1451 955 adn.

451 982 509 1025 ad
542 987 611 1035 48,
648 986 665 1024 1
699 982 747 1024 in
777 997 808 1039 p
839 987 894 1026 49

395 1048 610 1107 οὐδῆτα
641 1052 907 1109 exemplum
947 1054 1277 1097 adverbiorum
1308 1067 1451 1109 nega·

449 1124 587 1168 tionis
619 1128 685 1177 78,
720 1128 738 1166 1

394 1196 569 1238 οὐκοῦν
609 1194 657 1237 et
686 1195 860 1238 οὔκουν
899 1194 1131 1248 quomodo
1171 1195 1230 1237 ab
1263 1194 1453 1251 Apollo·

450 1264 527 1309 nio
570 1266 617 1308 et
655 1264 922 1308 Herodiano
963 1263 1184 1307 distincta
1214 1265 1339 1317 sint,‘
1374 1265 1451 1308 de·

451 1336 632 1379 elarant
670 1335 761 1379 loci
791 1335 838 1378 in
871 1335 975 1379 adn.
1009 1335 1067 1378 ad
1107 1339 1184 1388 96,
1219 1340 1340 1378 1-2
1374 1348 1453 1378 ex-

451 1406 613 1462 scripti

397 1464 499 1523 miv
536 1477 581 1520 in
622 1490 816 1521 numero
849 1477 1223 1521 coniunctionum
1255 1476 1452 1532 expleti-

451 1562 612 1592 varum
654 1549 725 1592 est
765 1553 867 1602 100,
900 1553 939 1591 1.
1003 1547 1297 1604 (Apollonius
1337 1546 1451 1602 Dys-

451 1619 578 1662 eolus
610 1620 657 1662 et
687 1618 981 1662 Herodianus
1013 1619 1072 1662 ab
1105 1618 1348 1673 expleizivo
1382 1618 1453 1660 di·

450 1690 694 1745 stinguunt
743 1689 1058 1733 conclusivum
1104 1690 1192 1732 οὖν
1234 1703 1320 1733 nec
1366 1689 1455 1733 nisi

451 1761 559 1804 huie
591 1762 833 1804 accentum
855 1759 1200 1803 circumflexum
1222 1759 1451 1815 tribuunt,

452 1832 683 1888 expletivo
717 1832 905 1875 acutum
932 1829 1270 1874 inclinabilem:
1303 1830 1362 1874 ad
1385 1835 1454 1885 96,

456 1903 600 1959 1-2.)
636 1928 681 1933 -
717 1902 971 1957 usurpatur
1003 1901 1086 1955 μὲν
1117 1901 1202 1944 οὖν
1224 1905 1293 1955 24,
1313 1906 1352 1948 8.
1384 1906 1452 1950 25,

451 1981 476 2018 3
508 1975 557 2017 et
576 1979 614 2020 s,
649 1979 716 2027 33,
738 1978 776 2016 e.
808 1978 876 2026 47,
899 1980 936 2020 3,
970 1977 1038 2027 62,
1068 1977 1093 2015 2

395 2041 603 2091 οὕνεκα
633 2045 680 2087 in
711 2056 905 2087 numero
940 2042 1318 2086 coniunctionum
1351 2056 1454 2087 eau-

451 2116 616 2159 salium
657 2116 727 2158 est
766 2119 840 2167 93,
873 2119 909 2159 2.
979 2113 1271 2169 (Apollonius
1316 2113 1451 2169 Dysc.

450 2187 684 2230 divorsum
735 2198 825 2228 non
876 2184 1026 2227 solum
1077 2184 1121 2228 vi
1179 2184 1261 2227 sed
1311 2185 1453 2227 etiam

451 2257 629 2313 origine
677 2257 816 2312 putat
860 2255 906 2298 id
952 2257 1126 2299 οὕνεκα
1172 2254 1294 2310 quod
1343 2255 1454 2311 quia

450 2327 681 2384 signifieat·
739 2327 797 2369 ab
851 2339 906 2369 eo
969 2325 1093 2381 quod
1150 2324 1275 2368 idem
1325 2325 1453 2370 valet

1279 268 1433 335 οῨΔε
1467 322 1505 327 -
1530 275 1692 337 ΠΑΡΆ

1561 419 1703 472 atque
1749 422 2045 475 quapropter:
2091 419 2151 462 ad
2187 424 2255 473 93,
2287 426 2311 463 2
2349 421 2396 462 in
2434 420 2558 464 med.

1559 504 1590 545 p
1621 491 1693 543 94)
2175 502 2179 506 ·

1504 554 1704 614 οὐσίαν
1735 559 1855 603 ἰδίαν
1886 561 1968 603 aut
1997 561 2160 614 κοινὴν
2191 561 2451 617 significant
2479 575 2558 605 no-

1559 629 1686 672 mina
1715 634 1784 682 33,
1816 633 1856 676 6.
1890 634 1958 683 31,
1991 635 2028 673 1.
2090 631 2288 687 †oi’›ciotc
2317 636 2389 686 45,
2422 637 2442 675 1

1504 700 1614 744 οὔτε
1645 729 1696 735 -
1730 701 1842 743 οὔτε
1888 701 1934 743 in
1983 701 2116 747 codd.
2159 700 2468 745 deterioribus
2512 703 2561 745 et*

1552 770 1662 834 edd.
1702 775 1768 825 14,
1798 776 1824 814 8
2532 809 2536 812 .

1501 836 1668 896 οὗτος
1706 853 1935 895 nusquam
1972 841 2019 884 in
2060 844 2160 886 arte
2192 841 2458 899 exemplum
2489 844 2560 886 est

1555 911 1857 968 pronominis
1918 912 2081 968 (τοῦτο
2114 913 2379 969 exemplum
2411 913 2558 956 nomi-

1555 982 1626 1024 nis
1664 982 1876 1026 neutrius
1918 983 2103 1039 generis
2133 984 2179 1026 in
2210 988 2239 1027 6
2270 983 2481 1027 exeuntis
2510 983 2557 1027 in

1555 1052 1690 1096 codd.
1732 1048 2042 1097 deterioribus
2080 1053 2128 1098 et
2158 1054 2260 1098 edd.
2299 1058 2373 1102 16.
2407 1056 2466 1108 3.)
2507 1079 2556 1086 —-

1556 1122 1819 1180 Vsurpatur
1850 1137 1939 1167 vox
1971 1124 2032 1168 ab
2063 1124 2286 1180 Dionysio
2319 1124 2388 1167 his
2421 1123 2556 1166 loeis:

1555 1194 1695 1237 οὗτος
1728 1199 1795 1248 38,
1827 1199 1879 1250 2,
1918 1198 2071 1238 ταῦτα
2101 1199 2169 1249 32,
2203 1200 2249 1249 2,
2297 1196 2489 1239 τούτων
2518 1198 2558 1248 6,

1559 1270 1622 1307 11.
1669 1269 1708 1318 9,
1742 1269 1779 1313 7.
1834 1271 1898 1320 ιι,
1933 1271 1973 1312 5.
2027 1270 2094 1320 12,
2126 1271 2164 1312 5.
2215 1270 2282 1320 13,
2320 1271 2355 1313 ι.
2405 1269 2557 1319 53,1;

1554 1337 1740 1379 τούτοις
1771 1340 1839 1388 25,
1875 1341 1913 1382 1.
1946 1341 2012 1390 73,
2043 1342 2068 1380 3

1498 1401 1680 1462 οὕτως
1710 1405 2044 1460 subsequentia
2073 1406 2395 1459 demonstrans
2429 1411 2494 1460 13,
2516 1410 2567 1463 4.,

1556 1481 1624 1531 69,
1659 1481 1678 1519 1
2361 1520 2365 1527 ,

1499 1548 1679 1603 ὄφελον
1715 1561 1873 1591 vocem
1907 1549 1955 1591 et
1985 1549 2157 1604 ὄφελες
2189 1549 2238 1592 et
2268 1549 2416 1603 ὄφελε
2435 1546 2560 1590 inter

1555 1618 1888 1674 grammaticos
1927 1619 2063 1663 erant
2099 1619 2178 1674 qui
2210 1633 2293 1675 pro
2325 1615 2558 1661 adverbiis

1555 1689 1797 1734 haberent.
1819 1688 1960 1733 etiam
1983 1689 2107 1745 apud
2119 1688 2390 1745 Dionysium
2411 1689 2558 1744 ὄφελε

1555 1759 1724 1815 legisse
1763 1760 1950 1804 videtur
1986 1761 2033 1803 in
2075 1773 2267 1804 numero
2305 1759 2555 1814 ἐπιρρημά-

1553 1844 1654 1874 των
1687 1831 1826 1887 εὐχῆς
1859 1836 2159 1887 ςημαντικῶν
2190 1835 2259 1886 76,
2291 1835 2318 1873 4
2347 1843 2466 1872 unus
2497 1842 2553 1872 ex

1555 1900 1836 1955 scholiastis,
1883 1904 2026 1956 atque
2072 1902 2252 1957 ὄφελον
2296 1899 2370 1944 vel
2409 1900 2558 1954 ὄφελε

1553 1971 1727 2015 ibidem
1763 1973 2032 2016 Armenius:
2074 1972 2182 2016 vide
2220 1971 2328 2015 adn.
2371 1970 2431 2014 ad
2460 1970 2491 2013 l.
2524 1970 2555 2013 l.

1500 2037 1651 2103 ὄφρα
1682 2043 1728 2086 in
1760 2056 1954 2087 numero
1987 2042 2364 2086 coniunctionum
2396 2053 2555 2084 eausa-

1554 2113 1666 2156 lium
1701 2114 1771 2157 est
1801 2119 1870 2169 93,
1902 2118 1928 2156 2

1499 2180 1673 2241 ὄχλος
1704 2185 1968 2240 exemplum
1999 2183 2199 2228 nominis
2233 2183 2460 2239 singulari
2479 2197 2559 2226 nu-

1554 2268 1683 2299 mero
1714 2254 2063 2299 multitudinem
2093 2253 2396 2310 significantis
2427 2258 2495 2310 31,
2514 2258 2559 2298 3.

1553 2331 1623 2382 41,
1659 2332 1678 2369 1

1447 2501 1512 2561 Π

400 2619 437 2661 ii
468 2626 724 2658 consonans
757 2616 823 2666 11,
858 2617 896 2657 1.
938 2615 1004 2667 12,
1038 2614 1063 2654 2
1095 2612 1143 2654 ei,
1174 2616 1212 2659 5,
1252 2616 1320 2666 13,
1353 2616 1377 2654 2
1410 2612 1458 2655 et
1502 2611 1899 2666 *παλιμβάκχειος
1934 2617 2030 2664 119,
2061 2617 2101 2656 5.
2139 2609 2234 2667 122,
2271 2615 2289 2653 1
2324 2610 2373 2653 ei,
2402 2614 2428 2653 5
2499 2655 2502 2657 ,

450 2691 490 2733 4,
527 2690 590 2738 14,
613 2689 651 2727 6.
696 2683 856 2726 littera
877 2681 1454 2738 characteristica-primae

450 2757 785 2811 barytonorum
818 2752 1158 2808 coniugationis
1188 2758 1257 2804 54,
1294 2758 1319 2796 2

396 2827 703 2882 *παθητικόο
736 2825 972 2879 παθητικὰ
1004 2823 1087 2866 soil
1111 2826 1298 2880 ῥήματα
1318 2825 1453 2868 verba·

447 2898 637 2952 passiva
670 2899 748 2939 126
781 2895 820 2937 ll
857 2901 892 2938 1.
930 2899 1006 2938 127
1029 2895 1093 2938 Ill
1121 2901 1185 2939 11.
1221 2894 1451 2938 1281111.

454 2973 531 3011 129
563 2968 605 3010 lI
640 2972 705 3013 11.
739 2971 820 3010 130
852 2965 893 3008 ΙΙ
926 2971 994 3013 34.
1040 2968 1290 3022 παθητικαὶ
1323 2980 1455 3020 μετο-

451 3039 526 3094 χαί
550 3051 600 3093 p.
626 3037 886 3092 partieipia
921 3042 994 3081 131
1031 3037 1094 3080 III
1130 3043 1147 3080 1

394 3107 582 3165 πάθος
620 3108 800 3162 affectio
824 3109 1035 3163 passiva,
1075 3121 1196 3162 quae
1227 3107 1455 3163 signifiea-

451 3182 527 3222 tur
559 3181 606 3222 et
635 3178 791 3223 verbis
822 3179 870 3222 et
899 3179 1166 3222 nominibus
1195 3183 1264 3233 46,
1298 3183 1319 3221 1
1354 3179 1401 3221 et
1431 3183 1455 3221 2

453 3252 500 3294 et
531 3257 569 3294 5.
607 3255 674 3299 48,
712 3255 747 3292 1.
786 3253 855 3304 49,
889 3254 906 3292 1
946 3250 995 3292 et
1024 3254 1063 3293 2.
1094 3275 1146 3280 -
1179 3250 1338 3304 *πάθη
1371 3260 1449 3292 vo·

452 3322 616 3365 cantur
661 3320 990 3377 apostrophus,
1042 3319 1258 3376 hyphen,
1301 3319 1448 3375 hypo-

452 3391 651 3435 diastole
686 3396 779 3446 107,
813 3396 837 3434 2
869 3392 917 3434 e‘c
945 3396 971 3433 4
1279 3401 1282 3403 ’

395 3464 623 3508 παιδεία
654 3462 920 3517 exemplum
952 3462 1151 3505 nominis
1183 3466 1371 3517 πρᾶγμα
1394 3461 1450 3504 si-

450 3533 713 3587 gnificantis
744 3537 811 3586 24,
842 3537 869 3575 4

396 3609 525 3660 παῖς
562 3617 730 3647 nomen
761 3601 817 3647 D.
862 3604 1059 3659 usurpat
1096 3609 1171 3658 26,
1206 3609 1231 3648 3
1262 3617 1287 3647 e
1318 3617 1454 3647 versu

452 3674 782 3729 Gammae-heo,
813 3675 864 3718 ut
895 3674 1093 3728 videtur,
1125 3679 1358 3731 sumptum

397 3745 419 3770 ²⁵⁷
438 3748 594 3790 παίων
635 3748 847 3801 πρῶτος,
888 3747 1129 3800 δεύτερος,
1169 3746 1350 3800 τρίτος,
1382 3746 1452 3788 τὲ-

450 3831 620 3871 ταρτος
655 3821 749 3871 120,
784 3822 891 3860 1-5

395 3884 562 3933 πάλαι
589 3887 854 3943 exemplum
878 3886 1203 3930 adverbiorum
1220 3899 1311 3930 non
1332 3900 1451 3930 com-

450 3958 706 4013 posi‘torum
741 3963 807 4012 73,
841 3963 865 4000 2
1080 3962 1107 3985 ”

395 4027 652 4085 παλαιός.
701 4030 826 4084 παρὰ
863 4034 962 4073 τοῖς
995 4031 1212 4074 παλαιοῖς
1244 4030 1301 4072 de
1334 4030 1451 4072 anti-

451 4112 542 4151 quo
574 4100 795 4154 loquendi
828 4115 911 4142 usu
944 4106 983 4154 9,
1016 4105 1041 4142 4
1393 4106 1396 4107 ’

1501 2680 1698 2729 πιὶλλω
1721 2682 1986 2739 exemplum
2009 2682 2202 2736 quintae
2223 2682 2557 2736 barytonorum

1557 2753 1899 2809 coniugationis
1933 2757 2000 2806 56,
2032 2757 2058 2795 3

1500 2825 1647 2869 *Πὰν
1679 2824 1946 2879 exemplum
1980 2822 2270 2879 bai-ytonesis
2302 2826 2396 2877 106,
2428 2827 2455 2865 2

1498 2898 1783 2952 παντελῶς
1811 2900 1853 2949 8,
1884 2900 1909 2938 2

1501 2971 1730 3010 παντοῖον
1759 2967 1896 3020 γένος
1929 2967 2180 3021 ὀνομάτων
2209 2965 2256 3008 in
2288 2964 2558 3009 erotematis

1558 3026 1928 3094 Tubingensibus
1986 3037 2178 3092 praeter
2234 3035 2556 3091 masculinum,

1560 3108 1854 3162 femininum,
1893 3109 2132 3162 neutrum,
2166 3120 2430 3161 commune,
2461 3106 2556 3163 epi·

1559 3191 1749 3222 coenum
1782 3178 2039 3236 profertur:
2071 3178 2130 3221 ad
2163 3182 2231 3228 25,
2263 3182 2289 3220 2

1501 3251 1693 3294 πάντως
1725 3249 1912 3292 videtur
1931 3249 2177 3292 Armenius
2197 3249 2320 3292 inter
2341 3247 2558 3304 exempla

1555 3319 1891 3375 ἐπιρρημάτων
1931 3321 2188 3375 μεςότητος
2228 3317 2398 3374 legisse
2429 3317 2556 3375 apud

1554 3390 1827 3446 Dionysium
1869 3392 1950 3434 aut
1992 3390 2287 3433 scholiastam
2327 3389 2554 3443 aliquem:

1555 3460 1614 3505 ad
1647 3466 1715 3515 74,
1747 3467 1772 3504 3

1497 3527 1642 3577 πάνυ
1692 3532 1957 3589 exemplum
2004 3530 2328 3575 adverbiorum
2367 3529 2556 3574 intenti-

1556 3617 1718 3647 vorum
1751 3607 1818 3656 84,
1851 3608 1871 3646 1

1498 3679 1681 3721 παπαῖ
1710 3673 1975 3730 exemplum
1999 3673 2323 3718 adverbiorum
2347 3673 2555 3717 dolorem

1556 3743 1918 3801 significantium
1953 3748 2020 3799 77,
2045 3750 2080 3791 1.
2127 3743 2232 3789 vide
2263 3744 2370 3788 adn.
2399 3739 2458 3787 de
2480 3756 2553 3788 ac-

1554 3818 1692 3859 centu

1499 3882 1648 3947 παριὲ
1687 3900 1779 3929 una
1820 3901 1873 3929 ex
1914 3885 2337 3943 praepositionibus
2367 3883 2552 3942 bisylla-
2599 3901 2601 3905 ¹

1554 3957 1626 4000 bis
1659 3962 1725 4011 72,
1763 3963 1797 3999 1.
1830 3983 1880 3988 -
1914 3959 2166 4013 usurpatur
2196 3969 2299 3999 cum
2332 3955 2490 3999 dativo
2509 3960 2550 4010 5,

1555 4033 1593 4075 2,
1626 4033 1668 4081 9,
1696 4032 1721 4070 4
1739 4027 1821 4075 bis,
1883 4041 1986 4071 eum
2018 4027 2282 4071 accusativo
2312 4047 2366 4063 =
2396 4039 2552 4077 seeun—

1554 4100 1660 4142 dum
1685 4103 1725 4155 6,
1751 4104 1823 4150 11,
1851 4099 1897 4141 in
1920 4098 2098 4154 origine
2122 4111 2283 4140 vocum
2305 4096 2556 4140 indicanda
