2814 4400
334 283 438 333 LIV
986 281 1066 324 DE
1098 280 1376 326 TECHNES
1408 271 1875 327 SVPPLEMENTIS'

335 414 459 464 ante
508 410 939 464 Choeroboscum
985 409 1186 462 factum
1234 427 1348 462 esse
1395 408 1765 462 demonstrant
1810 428 1872 463 ea
1917 411 2079 463 verba
2128 413 2498 466 commentarii

336 493 1080 562 Choeroboscoporphyriani,
1120 494 1184 546 de
1223 494 1412 562 quibus
1449 494 1608 546 modo
1647 494 2044 564 disputavimUS,
2084 495 2183 548 BA
2207 497 2360 566 6765:
2400 499 2500 551 οὐκ

335 583 444 635 ἀπὸ
493 586 584 645 τῆς
634 579 937 648 προεῳδίαε
974 579 1170 644 ἤρξατο
1210 579 1334 648 (3611
1373 579 1404 632 ὁ
1442 579 1755 649 Διονύειοε)
1796 581 1915 634 ἀλλ’
1951 579 2060 634 ἀπὸ
2097 583 2196 634 τοῦ
2234 581 2368 647 ὅρου
2405 586 2499 648 τῆς

332 668 706 732 γραμματικῆς.
781 666 942 732 atque
990 663 1146 715 etiam
1201 663 1487 715 secundum
1535 664 1960 733 supplementum
2011 665 2114 717 arti
2151 667 2564 799 praemissum5

335 750 651 819 (subiectum
709 748 906 817 primo)
972 747 1159 815 legisse
1224 747 1640 801 Choeroboscum
1701 750 1961 818 suspicari
2024 749 2151 802 116613
2209 768 2272 803 ex
2333 753 2498 824 67614.

336 837 536 887 certum
586 836 668 886 est
714 832 857 885 hunc
909 832 1149 885 ordinem
1187 836 1313 885 ante
1352 833 1532 885 oculos
1570 820 1819 887 habuisse
1857 837 2096 887 autorem
2131 834 2289 888 lexici
2327 791 2498 891 Baeb-

333 918 627 986 manniani,
668 918 912 986 idemque
942 918 1253 970 invenitur
1238 936 1295 970 111
1321 919 1628 971 erotematis
1656 919 2092 988 Guelferbytanis
2118 919 2500 1003 Moschopuliis

335 1003 903 1067 SchellersheimianiS,
929 1003 986 1055 in
1015 1002 1283 1055 codicibus
1309 1002 1556 1056 Leidensi
1583 1003 2059 1057 Grottaferratensi
2079 1004 2343 1059 Vaticano
2366 1008 2504 1061 1370

336 1089 667 1141 Barocciano
699 1089 797 1140 116
846 1087 1122 1141 Marciano
1150 1087 1254 1141 652
1303 1087 1549 1141 Palatino
1577 1088 1646 1141 70
1681 1088 2094 1160 Hamburgensi.
2173 1108 2273 1160 ego
2321 1092 2503 1145 omnia

335 1173 750 1243 sympleromata
788 1175 911 1242 post
947 1176 1117 1226 artem
1155 1173 1455 1238 conlocavi,
1495 1173 1614 1241 ipsa
1650 1177 1828 1227 autem
1867 1174 2124 1271 disposui
2131 1174 2210 1228 ita
2235 1178 2297 1228 ut
2321 1176 2497 1246 dispo·
2522 1192 2566 1224 10

335 1260 440 1311 sita
475 1259 533 1311 in
571 1258 817 1311 Leidensi
854 1261 995 1311 sunt.

477 1429 676 1481 Plura
731 1429 1201 1498 supplementa
1252 1427 1553 1496 antiquiore
1602 1428 1817 1497 quidem
1859 1432 2100 1499 tempore
2146 1431 2249 1483 arti
2297 1431 2504 1486 adiecta

336 1532 449 1566 esse
507 1513 790 1566 nescimus.
869 1507 1043 1581 neque
1097 1514 1240 1564 enim
1290 1512 1537 1565 assentiri
1589 1530 1805 1581 possum
1850 1513 2042 1567 Merxii
2096 1516 2361 1585 opinioni,
2415 1518 2504 1587 qui

336 1599 498 1652 etiam
545 1597 986 1650 nominalium
1031 1597 1403 1650 flexionum
1447 1597 1739 1650 tabulam
1777 1599 2094 1652 Armenium
2141 1601 2410 1655 invenisse
2446 1602 2504 1655 in

334 1703 430 1737 suo
486 1683 705 1736 technes
744 1683 1033 1752 exemplari
1072 1683 1367 1752 suspicatus
1407 1685 1488 1735 est
1526 1682 1598 1752 (v.
1630 1683 1770 1736 infra
1802 1702 1837 1753 p
1863 1683 1987 1737 LXI
2018 1684 2127 1756 21).
2200 1704 2326 1739 116111
2364 1688 2504 1757 quod
2529 1700 2569 1734 ¹5

335 1769 708 1823 declinationis
757 1769 1055 1837 exemplum
1109 1770 1167 1821 in
1205 1769 1385 1821 codice
1423 1768 1723 1821 armeniaco
1759 1768 2008 1822 Parisino
2042 1770 2139 1822 127
2179 1771 2401 1843 legitur,
2452 1771 2505 1825 id

334 1873 506 1925 neque
559 1857 685 1907 ante
732 1853 968 1906 tabulam
1019 1854 1308 1907 flexionum
1357 1853 1651 1906 verbalium
1688 1872 1864 1923 neque
1901 1857 2026 1923 post
2063 1873 2180 1909 eam
2217 1857 2505 1928 invenitur,

335 1940 426 1994 sed
466 1940 655 1994 ultimo
695 1940 812 1992 1060
851 1943 975 2008 110313
1013 1958 1129 1992 66111
1166 1939 1670 2008 interpretationum
1708 1939 1950 1992 brevium
1976 1939 2361 2010 collectionem,
2400 1960 2507 2012 qua

337 2027 542 2095 aliquot
578 2024 800 2077 technes
839 2028 894 2077 613
932 2025 1425 2094 supplementorum
1453 2023 1713 2076 vocabula
1740 2024 1924 2077 eodem
1952 2043 2056 2094 quo
2082 2025 2194 2078 illic
2219 2024 2508 2080 occurrunt

337 2111 524 2164 ordine
571 2110 923 2180 explicantur.
998 2128 1198 2179 neque
1217 2111 1428 2162 constat
1471 2109 1602 2161 illud
1640 2109 1954 2180 paradigma
1990 2111 2260 2164 nominale
2296 2112 2407 2165 nisi
2442 2130 2507 2166 ex
2529 2128 2572 2160 20

336 2196 600 2291 singulari
636 2195 865 2247 flexione
904 2195 1015 2248 61113
1053 2195 1288 2248 nominis
1326 2194 1468 2263 quod
1506 2196 1658 2248 deum
1695 2195 1979 2265 significat.
2046 2196 2254 2249 accedit
2278 2197 2506 2280 denique

337 2282 473 2352 quod
522 2282 581 2333 in
626 2281 775 2333 nullo
823 2282 952 2333 artis
1003 2280 1185 2333 codice
1232 2280 1419 2332 tabula
1466 2279 1883 2333 declinationum
1930 2281 2284 2334 nominalium
2332 2283 2506 2337 omnis

337 2366 730 2462 explanationis
780 2382 967 2435 expers
1016 2365 1189 2418 adhuc
1226 2365 1448 2417 inventa
1486 2367 1580 2418 est.
1655 2365 1747 2418 sed
1787 2365 2258 2436 Moschopulus
2295 2367 2507 2422 demum

336 2453 392 2504 in
434 2451 738 2504 erotematis
777 2451 1028 2504 correctis
1067 2450 1277 2503 videtur
1314 2468 1378 2503 ex
1404 2449 1690 2503 Theodosii
1731 2451 2027 2503 canonibus
2067 2452 2387 2506 onomaticis
2422 2453 2509 2507 vel

337 2537 517 2607 potius
557 2555 619 2589 ex
659 2536 1010 2599 catechismo,
1051 2537 1109 2587 in
1147 2553 1304 2604 quem
1341 2535 1422 2587 illi
1460 2552 1691 2587 canones
1730 2553 1943 2604 quoque
1979 2537 2182 2605 recepti
2220 2540 2390 2607 erant,
2430 2538 2508 2591 ita
2528 2552 2572 2585 2⁵

337 2625 537 2677 formas
559 2622 797 2691 singulas
815 2621 1147 2691 singularum
1168 2620 1589 2674 declinationum
1613 2620 1934 2689 excerpsisse
1949 2623 2106 2690 atque
2127 2624 2506 2691 composuisse,

338 2712 398 2762 ut
433 2708 602 2760 multo
641 2708 799 2758 antea
834 2708 1018 2760 τύπτω
1058 2709 1110 2760 613
1145 2707 1315 2773 τίθημι
1354 2706 1636 2758 verborum
1674 2704 1929 2758 flexiones
1968 2724 2032 2758 ex
2058 2706 2343 2760 Theodosii
2369 2708 2506 2762 libro

338 2796 455 2863 ipso
502 2795 781 2861 excerptae
829 2794 955 2844 sunt
990 2791 1132 2861 (vide
1170 2790 1539 2861 Appendicem
1574 2809 1607 2859 p
1637 2789 1714 2844 VI
1751 2793 1805 2843 et
1840 2790 2010 2860 VIII).
2085 2810 2218 2862 quae
2265 2810 2385 2847 cum
2432 2794 2508 2847 ita

340 2880 474 2947 sint,
534 2879 598 2931 de
655 2895 749 2930 suo
797 2876 1009 2929 videtur
1057 2876 1189 2929 mihi
1226 2877 1356 2929 illud
1395 2877 1848 2944 παραδειγμάτων
1887 2878 2270 2946 grammaticus
2317 2878 2508 2949 aliquis

339 2964 607 3017 armenius
644 2961 922 3015 addidisse.
2068 2952 2076 2959 ⁶
2530 2977 2574 3012 ³0

485 3051 559 3101 At
596 3048 700 3100 alia
737 3047 1110 3116 supplementa
1146 3047 1379 3115 plurima
1416 3047 1673 3100 inferiore
1710 3050 1882 3100 aetate
1918 3050 2130 3117 praeter
2167 3051 2378 3102 vetusta
2412 3049 2508 3102 illa

342 3137 596 3204 quattuor
634 3133 735 3185 arti
773 3132 981 3185 adiecta
1019 3135 1143 3184 sunt
1180 3131 1405 3185 testibus
1444 3132 1595 3185 libris
1633 3131 1942 3185 Monacensi
1983 3132 2232 3186 Leidensi
2270 3133 2412 3189 aliis:

488 3221 532 3270 ].
575 3219 737 3270 series
764 3218 960 3287 duplex
987 3217 1281 3269 iamborum
1308 3216 1731 3270 acrostichorum
1759 3217 1825 3269 ab
1853 3217 2181 3288 Gregorio
2208 3217 2260 3271 N
2276 3219 2507 3272 azian-

342 3322 503 3357 zeno
554 3304 938 3367 confectorum,
987 3302 1179 3371 quibus
1225 3302 1473 3371 discipuli
1519 3305 1631 3354 tam
1682 3301 1747 3354 ad
1797 3319 1970 3355 mores
2009 3303 2264 3356 candidos
2300 3303 2509 3358 institui
2577 3333 2582 3337 ·

342 3391 592 3458 poterant
629 3406 787 3455 quam
824 3387 889 3439 ad
927 3387 1324 3458 cognoscendas
1362 3386 1660 3439 litterarum
1699 3386 2030 3457 singularum
2068 3388 2292 3457 figuras,
2333 3405 2509 3459 301103,
2530 3403 2573 3436 35

344 3474 601 3527 ordinem.
676 3472 795 3524 vide
843 3490 1002 3540 supra
1039 3491 1073 3541 p
1098 3471 1204 3524 XII
1234 3472 1299 3524 14
1332 3470 1490 3525 XXII
1520 3474 1566 3525 1.
1616 3472 1713 3524 1103
1750 3472 1952 3524 iambos
1999 3490 2105 3525 una
2142 3489 2261 3525 cum
2300 3473 2509 3543 supple·

343 3561 525 3611 mento
576 3560 697 3623 περὶ
735 3562 1052 3626 προεῳδιῶν
1090 3557 1464 3610 Theodosio
1502 3556 1867 3609 Alexandrino
1903 3556 2091 3609 tribuit
2127 3557 2196 3623 is,
2244 3558 2334 3627 qui
2371 3576 2508 3628 quae

345 3661 504 3712 supra
540 3661 575 3711 p
601 3641 773 3694 XLIX
814 3643 847 3694 3
886 3660 948 3693 ex
987 3640 1305 3695 Taurinensi
1343 3641 1524 3695 codice
1561 3641 1761 3710 protuli
1799 3641 2028 3710 scripsit.

485 3728 535 3781 2.
578 3726 810 3780 eiusdem
850 3727 1059 3796 generis
1097 3726 1260 3779 iambi
1299 3727 1366 3779 ab
1405 3725 1676 3796 Ignatio
1716 3724 2013 3779 Diacono
2050 3728 2349 3798 compositi,
2387 3727 2508 3782 vide

345 3832 379 3881 p
406 3812 517 3865 XII
550 3812 614 3864 16
639 3810 796 3864 XXII
828 3812 908 3863 17.
2529 3830 2572 3863 40

487 3899 535 3949 3.
575 3897 638 3948 de
675 3897 849 3965 patria
888 3894 1135 3964 Dionysii
1174 3896 1430 3965 narrati0‚
1469 3914 1531 3949 ex
1572 3896 1794 3948 vetustis
1832 3896 1888 3949 in
1916 3899 2086 3949 artem
2114 3897 2507 3968 prolegomenis

348 3984 618 4049 excerpta,
659 4000 704 4034 v.
732 4000 766 4049 p
794 3979 951 4033 XXII
976 3979 1061 4032 29.

491 4067 539 4116 4.
581 4070 642 4117 de
682 4065 955 4135 alphabeti
994 4065 1170 4134 graeci
1211 4066 1419 4135 origine
1458 4066 1855 4134 commentatiO,
1895 4085 2031 4135 quae
2069 4085 2132 4119 ex
2159 4066 2426 4120 veteribus
2450 4066 2507 4120 111
