2814 4400
788 257 867 301 DF.
898 258 1479 305 INTERPRETATIONE
1511 263 1868 309 ARMENIACA
2280 268 2425 312 LXXI

268 383 397 436 dicit
433 386 555 435 octo
568 383 614 455 ⁸)
651 402 766 437 esse
803 385 999 438 classes
1037 386 1315 439 verborum
1344 390 1671 456 βαρυτόνων,
1712 410 1840 460 quas
1867 393 2154 447 secundum
2181 394 2424 448 ultimam

266 467 459 519 radicis
490 473 868 522 consonantem
895 469 1188 540 distinguit,
1228 470 1304 523 ita
1330 477 1405 537 ut,
1442 473 1581 526 sicut
1606 493 1791 542 graece
1825 477 1983 528 verba
2014 478 2070 530 in
2109 483 2156 546 β,
2184 498 2244 548 φ,
2270 499 2324 543 π,
2353 499 2422 533 πτ

264 551 487 604 classem
524 553 747 621 primam
788 556 1145 620 constituunt,
1193 557 1545 610 armeniacam
1586 560 1807 627 primam
1859 560 2080 614 classem
2129 563 2302 632 fingat
2339 582 2422 616 ex-

263 636 502 689 euntium
527 637 583 688 in
611 643 655 705 b,
695 655 764 706 m,
794 657 852 706 p,
882 641 958 707 p‘,
998 638 1283 692 secundam
1310 642 1614 694 exeuntium
1642 644 1695 694 in
1731 662 1781 711 9,
1820 645 1869 711 k,
1906 646 1998 713 Q,
2036 647 2102 699 kh
2139 646 2348 716 (graece
2373 667 2423 717 γ,

222 741 318 786 εκ,
356 720 412 792 χ)
448 721 539 773 rel.
607 721 868 784 Quoniam
894 741 1019 776 vero
1050 725 1292 777 Armenii
1331 725 1568 794 pluribus
1604 745 1758 795 quam
1792 729 1979 782 Graeci
2010 732 2423 785 consonantibus

261 808 509 874 utuntur,
561 825 651 859 sex
700 807 955 860 classibus
992 810 1200 878 graecis
1251 810 1378 861 duas
1418 810 1499 862 vel
1536 813 1712 879 potius
1737 817 1990 882 quattuor
2028 815 2252 880 addidit,
2293 835 2421 885 quas

260 909 533 944 recensere
570 910 763 960 operae
800 909 911 944 non
950 895 1031 944 est
1068 894 1317 961 pretium.
1382 894 1581 948 Classis
1607 913 1797 965 graeca
1821 899 2007 966 quinta
2034 899 2255 967 liquidas
2284 919 2419 953 com-

258 974 592 1045 prehendens
639 977 923 1046 respondet
969 978 1300 1030 armeniacae
1349 983 1555 1046 sextae,
1606 999 1763 1049 quam
1811 987 2105 1050 sequuntur
2142 988 2247 1036 tres
2286 986 2420 1038 aliae

257 1064 612 1114 consonantes
651 1080 738 1113 eas
775 1062 1297 1130 comprehendenteS,
1338 1081 1471 1131 quae
1508 1082 1695 1134 graece
1735 1084 1842 1118 non
1882 1067 2157 1119 habentur.
2224 1069 2419 1122 Classis

192 1163 233 1194 10
257 1145 481 1214 denique
527 1163 720 1215 graeca
767 1149 915 1198 sexta
963 1147 1249 1215 respondet
1296 1150 1627 1201 armeniacae
1675 1152 1909 1203 decimae
1947 1170 2106 1220 quam
2154 1154 2418 1222 interpres

253 1230 439 1282 iisdem
488 1231 740 1283 describit
798 1231 1001 1298 verbiS,
1060 1233 1250 1299 quibus
1299 1232 1466 1284 utitur
1512 1232 1826 1303 Dionysius,
1884 1254 1986 1304 qua
2031 1239 2086 1288 in
2134 1256 2189 1289 re
2236 1243 2415 1291 tamen

253 1315 496 1368 confusio
533 1316 817 1368 notionum
855 1322 1152 1368 memoratu
1190 1317 1505 1385 dignissima
1544 1318 1704 1371 habet
1742 1319 1942 1373 locum:

272 1430 305 1496 ἡ
387 1431 447 1483 δὲ
501 1430 621 1496 ἕκτη
670 1432 757 1484 διὰ
802 1435 1037 1495 καθαροῦ
1084 1435 1181 1484 τοῦ
1228 1433 1299 1499 ὦ,
1423 1429 1543 1485 οἷον
1597 1433 1833 1500 ἱππεύω,
1882 1436 2058 1502 πλέω,
2134 1437 2409 1502 βαειλεύω.

248 1516 327 1582 i—ev
389 1516 737 1581 dasni—erortm
815 1514 1065 1583 mac—hom·
1182 1507 1328 1583 effu,
1380 1517 1573 1583 v—orkon
1612 1520 1779 1581 tie-m,
1824 1518 2036 1571 kowe—nz
2051 1520 2097 1590 b)
2143 1516 2412 1574 misaac-m

187 1613 227 1645 1⁵
274 1603 327 1654 et
409 1601 611 1654 decima
638 1601 862 1668 (classis)
892 1621 1025 1671 puro
1239 1621 1265 1655 e
1420 1603 1555 1655 sicut
1636 1621 1768 1671 sugo
1884 1603 2038 1656 laudo
2184 1623 2338 1657 curro

246 1829 533 1881 howoue-m
569 1829 886 1896 hramaje·m
922 1829 1262 1895 hampaue-vn

315 1930 475 1981 pasco
655 1913 812 1965 iubeo
973 1913 1202 1982 divulgo.

247 2041 363 2094 Hac
411 2041 575 2111 igitur
622 2041 679 2092 in
728 2040 895 2092 classe
933 2057 1041 2092 non
1088 2040 1151 2092 de
1189 2058 1322 2092 sono
1361 2039 1551 2091 radicis
1590 2039 1777 2090 ultimo
1791 2080 1804 2105 ,
1851 2039 1940 2107 qui
1979 2043 2060 2091 est
2094 2042 2116 2093 i
2152 2042 2206 2093 in
2248 2044 2407 2109 τῖ’-67η,

181 2136 223 2168 2⁰
245 2144 323 2180 ow
361 2126 415 2177 in
454 2127 683 2193 how-em,
722 2142 795 2178 au
832 2124 887 2175 in
928 2141 1212 2192 arsace-em,
1251 2124 1449 2194 pendet
1474 2124 1767 2192 distinctio,
1806 2142 1986 2175 verum
2016 2126 2248 2177 vocalem
2275 2145 2301 2178 e
2339 2128 2405 2178 ad

244 2211 681 2264 terminationem
737 2210 1096 2277 pertinentem
1151 2213 1407 2278 tanquam
1455 2209 1860 2260 fundamentum
1910 2208 2268 2262 distinctionis
2316 2212 2405 2263 ad-

243 2295 435 2364 hibuit,
473 2299 525 2347 et
550 2284 683 2364 quae
710 2312 899 2362 graece
926 2294 990 2346 de
1018 2313 1061 2347 ω
1090 2312 1218 2364 puro
1244 2294 1295 2347 h.
1314 2313 1362 2346 e.
1389 2295 1452 2346 de
1479 2313 1540 2361 ω,
1567 2294 1704 2362 quod
1733 2294 1797 2344 ad
1825 2293 2055 2345 radicem
2088 2295 2139 2346 in
2168 2297 2404 2348 vocalem

245 2385 522 2434 exeuntem
571 2380 801 2446 accedit,
851 2379 991 2431 dicta
1039 2383 1184 2442 sunt,
1235 2397 1441 2431 summa
1490 2379 1804 2430 confusione
1851 2381 1977 2430 sunt
2027 2379 2227 2432 obruta.
2307 2382 2403 2431 Ar-

241 2467 448 2518 menius
494 2467 537 2517 si
576 2483 671 2534 pro
710 2464 961 2532 macl-cour
998 2456 1138 2529 efiiu
1176 2464 1395 2515 dixisset
1431 2463 1683 2530 mac-lgour
1719 2464 2070 2531 tgajnavorau
2108 2465 2140 2515 i.
2177 2483 2221 2516 e.
2254 2483 2402 2532 pura

178 2552 434 2618 2⁵v00ali,
484 2551 662 2602 omnia
709 2550 844 2602 bene
891 2549 1164 2615 cederent,
1217 2549 1387 2601 verbis
1436 2549 1595 2601 mutis
1643 2549 1784 2601 enim
1832 2548 1906 2599 sic
1955 2546 2159 2600 decima
2218 2550 2401 2602 classis

242 2635 519 2687 verborum
566 2653 818 2703 purorum
865 2637 1003 2686 esset
1049 2634 1268 2686 adiecta.
1339 2632 1489 2695 Quod
1528 2651 1651 2686 vero
1692 2635 1794 2686 hoc
1832 2651 1939 2684 non
1981 2633 2133 2698 fecit,
2186 2633 2237 2684 id
2280 2652 2399 2686 con-

240 2720 466 2772 fusionis
514 2720 772 2772 voluimus
821 2718 1058 2788 proferre
1103 2718 1425 2787 exemplum,
1476 2737 1507 2770 a
1544 2737 1646 2787 qua
1690 2719 1802 2771 eius
1850 2719 2248 2787 interpretatiO,
2298 2737 2401 2787 qua

239 2805 304 2866 ad
350 2804 591 2874 linguam
639 2803 993 2856 armeniacam
1042 2802 1291 2855 adhibere
1345 2804 1546 2856 studuit
1582 2822 1829 2872 graecam
1867 2821 2133 2870 normam,
2182 2805 2398 2855 omnino

241 2908 347 2942 non
386 2892 467 2942 est
502 2889 769 2941 immunis,

176 2989 217 3021 ω
379 2973 445 3025 In
483 2973 741 3042 Dionysio
788 2991 978 3042 graeco
1016 2972 1315 3025 doctrinam
1363 2973 1425 3025 de
1475 2974 1647 3025 verbis
1695 2973 1970 3042 barytonis
2010 2973 2203 3040 excipit
2240 2977 2399 3040 caput

238 3061 302 3111 de
343 3059 511 3111 verbis
540 3059 827 3110 contractis
864 3056 1348 3128 (περιεπωμένοιε),
1387 3076 1612 3126 quorum
1636 3062 1748 3109 tres
1775 3058 1968 3109 classes
2000 3060 2393 3121 enumerantur,

239 3130 524 3196 secundum
562 3144 768 3196 vocales
818 3142 1080 3195 secundae
1130 3147 1182 3194 et
1230 3141 1418 3194 tertiae
1466 3160 1725 3210 personae
1772 3142 2058 3211 singularis
2097 3141 2392 3210 praesentis

239 3229 549 3296 distinctae,
605 3231 798 3295 νο-εἷε,
854 3232 1032 3297 βο-ᾷε,
1080 3230 1334 3293 χρυε-οῖε.
1412 3226 1571 3279 Hisce
1612 3227 1896 3279 Armenius
1944 3227 2253 3295 aequiparat
2290 3229 2396 3278 tres

239 3297 474 3365 radicum
524 3313 741 3377 classeS,
797 3330 927 3381 quas
976 3330 1225 3381 graecum
1276 3312 1543 3379 exemplar
1590 3316 1799 3364 secutus
1848 3311 2137 3364 secundum
2187 3311 2393 3362 vocales

178 3413 220 3445 35
243 3398 502 3450 secundae
549 3401 603 3450 et
646 3400 832 3449 tertiae
878 3414 1137 3465 personae
1184 3395 1449 3457 distinxit,
1498 3397 1575 3447 ita
1622 3395 1889 3448 invenisse
1936 3396 2036 3447 sibi
2075 3397 2220 3447 visus
2260 3413 2394 3463 quae

241 3482 414 3534 verbis
452 3484 737 3534 contractis
776 3481 1171 3550 responderent.
1252 3480 1426 3531 Prima
1464 3479 1649 3531 classis
1688 3485 1901 3532 constat
1938 3483 2014 3532 eis
2051 3481 2223 3532 verbis
2262 3499 2392 3548 quae

239 3567 296 3618 in
335 3566 505 3635 prima
551 3571 603 3618 et
647 3565 878 3618 secunda
914 3583 1139 3634 persona
1187 3564 1357 3617 vocali
1396 3583 1431 3617 a
1469 3564 1632 3633 longa
1669 3567 1917 3632 utuntur,
1963 3565 2082 3617 kam
2118 3565 2210 3617 kas
2245 3566 2391 3617 venio

350 3766 385 3818 ἃ)
433 3762 626 3807 Codices
654 3762 854 3806 habent:
892 3764 980 3817 AEv
1011 3762 1091 3816 ἰ’-θη
1128 3762 1527 3816 ld—sortouthiwnc—lz
1683 3762 1813 3816 cuth,
1854 3762 1884 3804 i.
1909 3775 1946 3806 e.
1979 3767 2019 3806 et
2050 3762 2392 3817 ooniuyationes

237 3838 346 3878 sumt
385 3838 495 3880 octo,
565 3832 806 3877 Cirbiedus
843 3847 953 3878 vero
991 3848 1076 3891 pro
1117 3835 1226 3878 cuth
1263 3835 1448 3890 scripsit
1478 3833 1852 3885 dasne-decem,
1894 3833 2003 3887 quia
2033 3830 2199 3875 deinde
2231 3831 2391 3874 decem

171 3907 215 3939 40
237 3903 404 3948 classes
434 3906 776 3948 enumerantur.

353 3976 393 4029 Ι»)
423 3974 676 4018 Recordari
706 3974 845 4018 velim
874 3974 1094 4030 lectores,
1124 3989 1265 4032 supra
1293 3990 1324 4032 p
1346 3974 1406 4017 LI
1436 3974 1697 4029 expositum
1728 3987 1841 4023 esse,
1872 3985 1937 4016 ow
1968 3971 2026 4015 ab
2057 3972 2309 4028 interprete
2340 3971 2389 4014 in

237 4044 388 4087 locum
421 4045 578 4100 graeci
608 4060 648 4088 ω
680 4058 779 4088 esse
809 4044 1057 4087 invectum.
