2814 4400
931 273 1011 318 DE
1042 273 1259 319 CODICE
1289 273 1643 318 MONACENSI
2253 274 2362 319 XIII

210 402 422 472 -169).
487 401 918 455 membranaceus
955 399 1090 452 liber
1127 403 1234 468 est,
1273 400 1492 453 huiusce
1530 400 1733 452 formae
1757 400 2156 469 0‚16><0‚13¹¹¹.
2218 400 2363 453 foliis

208 503 350 539 nunc
388 488 596 539 constat
631 486 723 551 65,
770 483 862 538 sed
908 484 1035 537 olim
1080 483 1250 537 multo
1294 484 1446 552 plura
1491 484 1815 537 continebat.
1853 485 2081 554 paginae
2119 484 2360 554 singulae

209 572 266 624 in
294 570 562 623 columnas
582 570 735 623 binas
754 569 953 622 divisae
979 570 1102 621 sunt
1122 570 1334 637 praeter
1358 567 1433 620 fol
1455 567 1682 631 6r-14r‚
1709 568 1799 619 ubi
1815 571 1994 621 ternas
2014 569 2071 622 in
2094 568 2364 622 columnas

210 654 524 708 distributae
578 655 831 724 leguntur
880 654 1065 708 ’τύπτω
1122 655 1175 705 et
1228 654 1397 718 τίθημι
1447 652 1726 705 verborum
1780 652 1998 705 formae.
2086 653 2361 706 columnae

166 763 188 798 5
210 738 453 809 singulae
493 738 812 809 compositae
848 739 974 790 sunt
1007 754 1072 789 ex
1108 736 1307 790 vicenis
1342 738 1548 790 octonis
1586 735 1836 790 versibus,
1897 736 2106 789 litterae
2133 738 2365 807 (praeter

210 840 382 892 pauca
418 823 547 876 folia
582 821 873 893 posteriore
911 821 1123 874 demum
1159 825 1398 891 tempore
1435 821 1677 890 impleta)
1719 820 1786 872 ab
1832 819 1988 873 lineis
2035 839 2168 890 quae
2206 839 2366 874 mem-

210 906 392 960 branis
439 907 730 977 impressae
778 909 905 959 sunt
939 924 1050 959 non
1087 905 1351 976 pendent,
1390 905 1482 959 sed
1519 905 1884 974 superpositae
1921 904 2027 958 illis
2065 908 2191 958 sunt
2224 906 2367 977 (vide

209 993 482 1062 margines
518 992 758 1045 sinistros
794 991 1113 1062 paginarum
1148 990 1331 1044 tabula
1358 988 1921 1060 photolithographica
1946 991 2120 1059 priore
2157 1009 2366 1060 reprae-

211 1078 578 1146 sentatarum).
652 1094 785 1144 quae
833 1094 917 1129 res
961 1075 1268 1129 testimonio
1315 1075 1472 1129 nobis
1519 1076 1599 1127 est
1647 1074 1878 1127 codicem
1930 1077 2203 1127 exaratum
2252 1093 2364 1128 esse

147 1187 190 1222 10
212 1164 352 1214 certe
389 1163 512 1214 ante
550 1161 818 1214 saeculum
855 1160 1192 1214 undecimum
1228 1159 1509 1231 (Hardtius
1548 1159 1800 1212 adscribit
1835 1160 2019 1229 nono).
2087 1177 2187 1212 nec
2226 1159 2367 1212 aliud

210 1247 480 1298 testantur
523 1245 724 1299 formae
770 1245 1069 1298 litterarum
1117 1263 1249 1314 quas
1295 1262 1359 1297 ex
1405 1243 1687 1297 simulacro
1735 1243 1929 1296 codicis
1975 1243 2099 1296 huic
2149 1243 2368 1297 editioni

211 1328 419 1382 adiecto
457 1347 775 1400 cognoscere
812 1330 952 1383 licet.

352 1413 675 1468 Maiusculae
723 1415 904 1468 eodem
951 1417 1249 1468 atramento
1289 1417 1447 1484 atque
1484 1413 1812 1467 minusculae
1850 1412 2081 1482 scriptae
2119 1416 2245 1467 sunt
2283 1431 2367 1467 ex-

214 1499 384 1569 ceptis
420 1499 567 1552 foliis
596 1501 768 1554 1—15
805 1503 859 1554 et
893 1499 1116 1569 18-21,
1153 1499 1245 1552 ubi
1283 1499 1350 1552 ad
1386 1499 1570 1552 titulos
1595 1499 1928 1569 pigmentum
1965 1498 2264 1552 adhibitum
2290 1501 2370 1552 est

150 1612 191 1645 15
215 1584 407 1638 coloris
444 1588 498 1637 et
533 1585 692 1639 rubro
729 1588 784 1638 et
821 1585 1060 1638 caeruleo
1096 1584 1330 1637 finitimi.
1394 1583 1577 1637 eodem
1613 1584 1891 1653 pigmento
1916 1584 1973 1635 in
1999 1584 2198 1636 eisdem
2221 1583 2368 1636 foliis

209 1669 444 1723 initiales
481 1666 766 1722 exornatae
804 1672 947 1722 sunt.
1021 1669 1204 1722 eodem
1253 1668 1480 1738 denique
1526 1668 1581 1720 id
1628 1686 1840 1737 quoque
1876 1686 1972 1737 par
2009 1667 2369 1736 exemplorum
2398 1691 2404 1695 ·

207 1753 434 1822 pictum,
481 1753 621 1822 quod
667 1755 724 1806 in
761 1754 1010 1806 inferiore
1049 1753 1290 1822 margine
1326 1751 1444 1805 folii
1481 1752 1578 1804 20v
1614 1752 1812 1822 legitur
1851 1755 1921 1820 (v.
1959 1752 2068 1804 tab.
2108 1752 2371 1822 photol.):

211 1838 708 1892 ΝΕΟΠΤΟΛΕΜΟΕ
744 1838 1043 1906 ΠΥΡΡΟΕ;
1082 1841 1271 1891 contra
1307 1839 1602 1890 atramento
1641 1854 1729 1904 ec,
1769 1854 1873 1905 quo
1910 1836 2073 1889 verba
2109 1836 2368 1905 Dionysii,

207 1938 406 1992 ’.ΕΥΕΙ
425 1939 502 1992 .Ε
541 1921 768 1995 ΜΕΛΑΕ
814 1941 868 1991 et
904 1938 1108 1993 ΔΙΚΟΕ
1152 1936 1429 1995 ΑΔΙΚΟΕ
1475 1938 1533 1989 in
1581 1937 1823 2007 margine
1871 1937 2106 1989 eiusdem
2142 1938 2371 2007 paginae

143 2047 186 2079 20
208 2022 407 2092 scripta
443 2025 581 2076 sunt.

348 2106 495 2160 Haec
531 2107 637 2160 tria
674 2109 1035 2178 exemplorum
1083 2108 1256 2177 paria,
1307 2109 1443 2161 sicut
1489 2107 1633 2161 tituli
1680 2124 1892 2175 omneS,
1940 2107 2145 2175 primae
2189 2107 2371 2159 manui

207 2191 458 2245 videntur
495 2191 845 2245 adscribenda
884 2210 1019 2256 esse;
1070 2197 1305 2245 ceterum
1341 2193 1520 2262 plures
1559 2190 1935 2245 discernendae
1973 2194 2122 2256 sunt,
2162 2191 2371 2244 etiamsi

207 2276 468 2329 rationem
525 2294 636 2329 non
690 2277 946 2331 habemus
1002 2278 1406 2330 correctionum.
1501 2295 1608 2329 una
1663 2276 1900 2328 exaravit
1953 2275 2030 2328 fol
2080 2275 2268 2328 1-42
2318 2279 2371 2328 et

206 2361 283 2413 fol
316 2361 413 2425 45,
452 2362 685 2414 secunda
721 2362 796 2415 fol
823 2362 1074 2426 46—65,
1115 2362 1274 2414 tertia
1310 2362 1386 2414 fol
1422 2361 1668 2414 43—44.
1744 2361 1873 2413 haec
1910 2360 2216 2429 posterioris
2254 2363 2370 2413 aevi

144 2470 186 2502 25
211 2449 317 2513 est,
372 2446 501 2499 item
548 2450 738 2516 quarta
783 2464 917 2515 quae
966 2446 1024 2498 in
1069 2446 1146 2499 fol
1182 2447 1278 2498 51v
1324 2448 1407 2499 ter
1442 2446 1681 2515 incepit,
1732 2444 1894 2498 semel
1932 2445 2095 2497 etiam
2145 2445 2372 2497 absolvit

209 2527 569 2599 precationem
614 2530 838 2584 latinam
888 2530 1074 2584 Patris
1123 2533 1304 2584 nostri.
1381 2530 1473 2583 sed
1519 2530 1804 2583 secundam
1842 2547 1953 2583 non
1991 2530 2161 2582 solum
2200 2528 2369 2582 eidem
2427 2592 2432 2598 ,

211 2617 370 2668 aetati
407 2617 566 2684 atque
601 2618 857 2684 primam,
898 2615 990 2668 sed
1030 2616 1275 2669 coenobii
1314 2616 1544 2669 eiusdem
1584 2616 1847 2668 monacho
1884 2614 2159 2667 tribuerim
2188 2615 2278 2682 qui
2303 2614 2369 2666 ab

208 2698 335 2752 folio
359 2699 429 2752 46
469 2700 574 2766 (vel
612 2700 678 2753 ab
715 2719 822 2754 uno
862 2718 1041 2753 eorum
1080 2719 1212 2770 quae
1249 2701 1392 2753 inter
1424 2701 1495 2754 45
1528 2703 1583 2753 et
1617 2700 1686 2753 46
1726 2699 2054 2767 exciderunt)
2092 2699 2150 2751 in
2187 2698 2369 2751 fratris

209 2784 384 2838 locum
421 2785 757 2838 successerit:
807 2804 931 2838 nam
978 2786 1115 2838 nihil
1162 2785 1340 2839 differt
1377 2787 1732 2838 atramentum
1766 2785 2020 2838 foliorum
2055 2783 2267 2838 46—65
2304 2783 2370 2836 ab

148 2893 190 2926 30
213 2887 275 2923 eo
314 2887 419 2939 quo
470 2870 668 2939 scripta
706 2873 787 2923 est
823 2871 993 2922 maior
1030 2870 1225 2923 codicis
1262 2889 1403 2939 pars,
1480 2870 1826 2940 distinguitur
1862 2868 2094 2922 secunda
2132 2887 2162 2920 a
2199 2868 2371 2937 prima

209 2955 512 3007 litterarum
557 2955 936 3008 nonnullarum
984 2954 1368 3024 discrepantia,
1414 2954 1561 3008 velut
1596 2973 1627 3021 η
1668 2974 1683 3008 ι
1721 2972 1751 3009 ν
1803 2955 1878 3006 sic
1922 2953 2236 3022 plerumque
2284 2970 2369 3005 ex·

209 3043 344 3093 arat:
386 3038 457 3098 ,Λι
502 3039 527 3112 ΙΙ,
551 3046 641 3108 Ν.
1766 3082 1776 3118 ι

351 3125 703 3179 Correctrices
750 3142 939 3177 manus
976 3126 1033 3176 in
1082 3124 1157 3177 eis
1195 3125 1433 3193 paginiS,
1483 3141 1616 3193 quae
1652 3124 1957 3194 fragmenta
2002 3123 2131 3175 artis
2169 3122 2371 3192 Diony-

210 3211 392 3264 sianae
419 3213 473 3264 et
498 3210 985 3279 supplementorum
1013 3209 1298 3278 praebent,
1326 3209 1582 3278 dignosco
1610 3208 1764 3277 duaS,
1798 3226 2022 3278 quarum
2048 3207 2214 3259 altera
2234 3207 2367 3276 (Μῖ)

147 3315 189 3348 35
212 3298 512 3348 atramento
550 3294 704 3347 fusco
742 3293 820 3346 fol
857 3293 942 3346 18r
969 3294 1027 3364 (p
1062 3295 1156 3362 37,
1183 3294 1239 3363 3)
1270 3294 1497 3346 correxit
1532 3293 1734 3362 primae
1772 3311 1960 3345 manus
1998 3293 2172 3358 ὄνομα
2207 3292 2368 3360 inque

213 3380 396 3432 eodem
432 3379 563 3432 folio
603 3379 661 3449 (p
696 3379 783 3448 39,
813 3380 867 3448 1)
902 3380 1213 3433 πνευετικόν
1253 3381 1309 3430 et
1344 3377 1402 3448 (p
1428 3378 1514 3446 43,
1543 3378 1599 3449 3)
1628 3377 1759 3446 οἵοις
1799 3378 1968 3430 altera
2003 3377 2131 3447 (MK)
2170 3377 2369 3445 pallido

212 3467 511 3517 atramento
544 3464 623 3517 fol
653 3463 747 3516 2OV
786 3464 843 3532 (p
870 3463 964 3532 35,
991 3464 1048 3532 4)
1083 3466 1207 3532 post
1242 3463 1411 3529 ἡμέρα
1447 3463 1649 3514 addidit
1684 3462 1787 3515 hoc
1824 3462 2036 3532 signum
2073 3475 2132 3518 ΞΞ
2166 3462 2368 3514 eodem-

213 3566 314 3617 que
359 3548 416 3600 in
463 3549 709 3618 margine
754 3548 980 3616 repetito
1031 3547 1223 3599 adiecit
1260 3547 1490 3602 θάνατος
1528 3549 1654 3613 ζωή.
1728 3547 1806 3599 At
1842 3546 1973 3599 alias
2012 3548 2367 3599 correctiones

215 3633 416 3703 primae
471 3633 647 3685 tribuo
657 3674 672 3702 ,
726 3633 871 3686 velut
916 3652 952 3704 p
988 3632 1083 3698 40,
1134 3633 1167 3684 2
1215 3635 1471 3699 (ημαῑνον
1519 3632 1662 3684 vocis
1709 3649 1739 3684 o
1785 3632 2019 3684 litteram
2074 3632 2129 3683 in
2184 3648 2370 3682 rasura

157 3739 200 3770 40
222 3718 474 3786 scriptam
510 3721 564 3770 et
595 3736 630 3786 p
656 3718 740 3782 49,
771 3719 797 3769 1
826 3718 1049 3770 eandem
1086 3716 1342 3770 vocalem·
1362 3734 1520 3784 supra
1557 3717 1831 3782 τύπτωμαι
1869 3717 2087 3768 verbum
2123 3715 2366 3783 positam.

214 3820 313 3855 nec
350 3802 527 3854 minus
574 3802 730 3870 primi
782 3801 970 3854 calami
1008 3801 1302 3870 putaverim
1341 3818 1403 3852 ea
1441 3800 1601 3853 verba
1644 3818 1759 3854 esse
1806 3818 1940 3870 quae
1986 3800 2139 3852 initio
2178 3799 2367 3867 capitis

215 3887 336 3951 περὶ
372 3890 562 3940 ποδῶν
610 3885 728 3938 folii
768 3886 860 3937 19γ
907 3885 1139 3954 margini
1182 3885 1337 3936 inlita
1382 3888 1508 3938 sunt
1546 3885 1940 3938 characteribus
1978 3883 2228 3951 diversiS‚
2277 3883 2391 3938 sed.

218 3972 399 4031 eodem
438 3973 762 4022 atramento:
806 3988 904 4023 ουκ
941 3973 1233 4036 αντεβληθη
1271 3970 1303 4020 i.
1345 3987 1388 4020 e.
1427 3987 1489 4022 ea
1526 3987 1660 4036 quae
1694 3973 1982 4036 sequuntur
2018 3968 2226 4022 conlata
2261 3984 2369 4020 non

217 4059 361 4122 sunt,
401 4055 606 4114 scilicet
643 4072 762 4107 cum
799 4054 1090 4122 archetypo
1126 4053 1208 4106 vel
1246 4052 1350 4104 alio
1388 4053 1696 4122 exemplari.
