2814 4400
433 281 561 325 XXX
1244 275 1494 321 STEMMA
1524 276 1799 323 CODICVM

433 409 622 473 ταχύς·
665 407 858 472 βραδύς
895 404 1010 475 (ubi
1047 404 1187 456 idem
1214 405 1450 474 signum,
1491 405 1629 473 quod
1655 408 1779 458 ante
1804 407 1957 459 ἘΥΕΙ
1986 405 2280 473 invenitur,
2318 409 2602 476 repetitum

434 510 595 563 supra
628 491 791 555 ταχύς
817 489 1084 553 videmuS‚
1124 489 1229 541 nisi
1256 490 1395 558 quod
1422 490 1509 542 hic
1535 491 1806 558 expictum
1833 493 1913 542 est
1942 490 2115 542 colore
2140 490 2343 564 rubro).
2400 492 2604 546 scilicet

433 578 638 641 εὐειδής
683 578 737 626 et
784 576 946 641 μέλα(
991 573 1097 626 alia
1145 574 1386 643 exempla
1434 577 1560 627 sunt
1607 575 1965 643 epithetorum
2003 593 2036 626 a
2072 574 2326 644 qualitate
2364 577 2602 646 corporis

433 662 725 714 ductorum.
800 658 867 711 ad
913 650 1227 711 Leidensem
1264 662 1446 712 autem
1497 659 1542 711 si
1587 660 1696 712 iam
1744 659 1928 713 oculos
1967 653 2314 727 converteriS‚
2362 660 2438 713 ibi
2477 679 2603 730 quo-

432 764 535 815 que
572 745 799 797 alterum
848 744 1211 813 exemplorum
1247 762 1345 813 par
1383 744 1680 813 conspicies
1718 745 1776 797 in
1813 745 2084 814 superiore
2121 744 2350 814 paginae
2373 746 2442 799 58
2466 763 2605 798 mar·
2626 767 2647 801 ⁶

432 832 576 900 gine.
636 833 691 882 at
727 847 862 898 quae
898 828 988 881 hic
1022 832 1153 882 nota
1189 829 1401 882 additur
1436 828 1571 900 (w),
1611 848 1673 882 ea
1711 848 1871 899 supra
1907 830 2070 896 ταχύς
2111 829 2274 898 (quod
2310 829 2509 899 legitur
2543 830 2603 885 in

431 918 660 986 paginae
686 914 757 967 59
786 914 1063 967 columnae
1089 913 1116 965 I
1141 913 1286 966 linea
1310 917 1524 981 octava)
1550 931 1661 967 non
1685 915 1972 984 reperitur,
2013 914 2104 966 sed
2143 931 2303 983 supra
2329 916 2601 982 διώνυμον

430 1002 488 1053 in
527 1020 563 1070 p
589 1001 658 1053 58
697 999 779 1053 col
817 999 843 1051 Ι
881 999 1024 1051 linea
1065 999 1146 1051 16.
1212 1001 1358 1051 cuius
1397 1000 1588 1052 erroris
1629 1017 1789 1052 causa
1825 999 1949 1051 inde
1985 998 2276 1068 repetenda
2312 1002 2419 1068 est,
2458 999 2603 1068 quod
2661 1061 2663 1065 ¹

429 1117 486 1169 in
525 1114 837 1169 Monacensi
873 1096 1015 1168 ΔΗΕ
1045 1143 1055 1154 ·
1084 1095 1177 1167 Μὲ
1215 1113 1278 1165 ad
1318 1113 1462 1166 hunc
1498 1114 1690 1182 prioris
1729 1114 2010 1167 columnae
2048 1113 2368 1167 versiculum

1168 1251 1339 1300 νυμον
1369 1263 1380 1274 ·
1411 1235 1707 1303 διώνυμον·
1748 1237 1862 1289 ἐπώ
2623 1248 2666 1280 10

429 1337 643 1406 adpicta
680 1338 846 1388 erant.

569 1423 654 1473 Ac
693 1419 973 1488 descripsit
1009 1418 1080 1486 is,
1121 1418 1210 1486 qui
1235 1417 1550 1470 Leidensem
1588 1419 1854 1487 exaravit,
1893 1418 2274 1472 Monacensem
2312 1422 2603 1489 antequam

429 1506 765 1560 correctrices
802 1522 992 1556 manus
1029 1502 1118 1555 hic
1155 1520 1343 1571 passus
1380 1505 1462 1555 est
1497 1502 1588 1573 (ad
1624 1522 1659 1571 p
1692 1505 1775 1570 35,
1802 1504 1851 1555 4.
1904 1505 1989 1572 37,
2015 1504 2067 1556 3.
2107 1504 2190 1569 39,
2221 1506 2266 1557 1.
2304 1505 2392 1573 43,
2419 1505 2501 1576 3),
2549 1507 2604 1558 et

429 1610 635 1644 summa
670 1608 797 1643 usus
837 1587 1118 1659 diligentia
1155 1587 1467 1656 descripsit,
1521 1591 1581 1641 ut
1616 1605 1833 1657 perraro
1871 1589 2069 1658 lapsus·
2090 1589 2246 1642 huius
2283 1589 2408 1642 libri
2443 1607 2600 1659 pecu-

425 1678 584 1730 liares
623 1675 1084 1746 deprehendas-(p
1111 1674 1194 1739 33,
1225 1674 1271 1726 1.
1311 1673 1396 1741 81,
1431 1676 1474 1729 1.
1511 1673 1595 1742 85,
1626 1673 1694 1745 1),
1734 1673 1930 1742 ubique
1968 1674 2377 1743 depravationes
2413 1673 2598 1728 Mona·
2622 1699 2665 1733 15

399 1763 602 1816 censis
639 1761 893 1831 repetitas
931 1760 1130 1813 videas,
1205 1758 1637 1828 orthographicis
1673 1756 1884 1811 tantum
1922 1759 1978 1811 in
2016 1760 2174 1812 rebus
2212 1759 2278 1812 ab
2324 1759 2602 1830 archetypi

426 1847 744 1901 auctoritate
781 1845 1026 1899 recedere
1065 1861 1223 1897 ausus
1262 1846 1369 1913 est,
1407 1843 1553 1896 velut
1591 1844 1852 1897 encliticis
1891 1844 2168 1914 bisyllabis
2207 1847 2489 1898 accentum
2517 1845 2601 1898 in-

427 1935 551 1987 dere
590 1934 727 1986 solet
764 1948 1078 2001 praegressa
1113 1947 1245 1982 voce
1285 1929 1646 1997 circumflexa,
1687 1930 1995 1999 saepissime
2034 1930 2282 1999 spiritum
2318 1931 2491 1984 lenem
2523 1930 2600 2004 esis

425 2019 700 2072 vocalibus
755 2017 903 2071 addit
957 2015 1148 2086 quibus
1195 2033 1211 2067 1
1256 2014 1437 2066 littera
1487 2015 1545 2067 in
1593 2014 1778 2067 eadem
1824 2032 1951 2067 voce
2005 2015 2272 2068 antecedit
2318 2015 2600 2086 (διάνοίαε,

424 2105 775 2172 περιέκτικόν,
802 2102 1071 2167 αἰτιάτική,
1101 2100 1369 2170 ποιήτήε),
1397 2099 1622 2152 subinde
1647 2101 1705 2152 in
1732 2099 2123 2169 distinguendis
2144 2101 2362 2154 vocibus
2388 2104 2601 2171 praeter
2621 2126 2665 2159 20

425 2195 682 2259 punctum
703 2188 943 2258 superius
971 2189 1024 2239 et
1051 2185 1278 2238 inferius
1301 2185 1401 2237 hoc
1430 2185 1586 2254 signo
1608 2185 1775 2237 utitur
1807 2201 1854 2256 Ιχ,
1875 2227 1886 2250 ,
1915 2185 1979 2238 de
2001 2185 2193 2254 quibus
2218 2186 2376 2239 rebus
2399 2185 2599 2240 dictum

425 2279 507 2328 est
543 2275 601 2327 in
638 2275 771 2327 actis
811 2291 963 2326 conv.
1005 2270 1405 2340 philologorum
1444 2269 1777 2322 Trevirensis
1814 2288 1849 2338 p
1886 2270 2043 2325 4—5.

566 2460 648 2513 De
695 2459 884 2513 ceteris
922 2457 1193 2512 codicibus
1231 2456 1310 2508 ita
1348 2473 1639 2524 exponam,
1691 2457 1753 2507 ut
1790 2456 2059 2508 stemmati
2098 2474 2130 2508 a
2167 2473 2251 2509 me
2292 2459 2597 2510 constructo

423 2564 536 2599 non
574 2545 723 2598 nulla
761 2543 1019 2597 subiciam
1056 2540 1380 2595 inlustrandi
1417 2539 1785 2608 probandique
1824 2557 1999 2593 causa.

1340 2682 1437 2756 (Ἃ)

1113 2804 1172 2920 ψ
1586 2801 1688 2875 (21³)

1121 2924 1165 3041 ¹L
1498 2921 1590 3069 (i)
1754 2921 1760 3010 ι

1122 3045 1150 3096 ²²
1753 3011 1759 3157 Ι

1092 3117 1189 3235 (ἐς)
1222 3203 1493 3217 ........
1519 3072 1566 3214 (11
1710 3159 1814 3232 (εδ)

1003 3282 1049 3335 Β
1139 3360 1180 3412 (ξ
1201 3283 1374 3399 mlx—20
1612 3278 1663 3332 V
1821 3278 1915 3351 (Q)

1108 3437 1162 3453 =
1176 3431 1207 3473 p
1220 3420 1336 3458 24-
1346 3414 1445 3469 100)
1732 3398 1786 3490 ῌ
1958 3399 2007 3451 A

1455 3708 1564 3783 (⁵2¹)-

568 3830 653 3883 Ab
693 3829 797 3882 hoc
835 3827 966 3881 libro
1004 3833 1212 3896 praeter
1259 3826 1390 3879 alios
1434 3823 1628 3877 multos
1666 3821 1723 3874 hi
1759 3821 1916 3874 naevi
1955 3819 2226 3875 Leidensis
2266 3818 2372 3891 (vel
2407 3819 2588 3874 Mona·
2611 3838 2654 3872 25

426 3916 596 3968 censis
634 3911 1034 3984 Leidensisque)
1071 3915 1125 3964 et
1162 3908 1660 3964 Grottaferratensis
1699 3906 1967 3959 derivandi
2005 3910 2151 3960 sunt:
2197 3928 2230 3974 p
2267 3905 2317 3975 6,
2359 3904 2424 3958 15
2461 3905 2589 3960 ἀνά-

426 4018 625 4066 (ταεινς
679 4001 739 4068 8,
775 4001 810 4052 5
848 3997 1124 4067 ῥαβδοδία;
1178 3997 1267 4065 19,
1306 3997 1446 4050 2-3
1484 3992 1701 4049 omissio
1739 3992 1930 4044 horum
1968 3992 2279 4046 verborum:
2326 3991 2358 4056 ἢ
2396 3990 2485 4045 ὅτ’
2521 3989 2590 4046 ἂν

426 4087 651 4139 διπλοῦν
679 4084 972 4151 (ύμφωνον
993 4084 1322 4149 ἐπιφέρηται,
1350 4083 1470 4137 οἷον
1499 4082 1627 4139 {Eun
1666 4078 1751 4147 39,
1776 4079 1799 4129 l
1830 4079 2166 4141 πνευετικόν;
2203 4075 2339 4145 53,3
2365 4075 2590 4130 ἐνεετῶς
