2808 4394
1092 333 1096 336 .
1125 267 1229 330 κέΝ
1257 311 1304 318 -
1330 270 1542 333 κῨΡιοΝ

310 411 432 457 inter
470 413 817 458 coniunctiones
856 413 1116 470 expletivas
1145 427 1305 458 nume-

310 487 441 527 ratur
473 487 567 539 100,
603 488 638 528 1.
671 510 724 516 -
756 498 785 529 a
813 483 1149 541 posterioribus
1178 483 1304 527 tech-

310 552 425 598 nicis
464 553 605 599 etiam
644 556 895 612 δυνητικὸν
934 555 984 600 et
1012 554 1307 611 ἀναιρετικὸν

223 661 226 664 ,
309 624 581 679 vocabatur,
613 626 681 670 cfr
710 626 769 670 ἄν

253 695 278 723 *
296 699 446 751 κῆπος
485 696 748 754 exemplum
786 697 984 742 nominis
1012 696 1306 754 properispo-

309 766 435 810 meni
468 771 562 822 110,
592 772 621 814 4

256 834 441 883 Κλειώ
481 839 747 896 exemplum
784 838 1024 883 nominum
1063 836 1306 882 feminino-

309 922 412 951 rum
442 908 489 952 in
520 913 561 953 ff»
592 908 900 954 desinentium
939 913 1000 962 16,
1037 914 1057 951 1

253 981 275 1005 *
299 980 587 1034 Κλεόβουλος
633 980 900 1037 exemplum
944 978 1135 1037 paeonis
1179 979 1308 1023 tertii

311 1055 405 1105 120,
435 1055 461 1094 5

252 1120 531 1179 κλητικός.
577 1124 771 1177 κλητικὴ
802 1125 978 1166 πτῶςις
1017 1134 1149 1166 casus
1178 1133 1302 1166 voca-

309 1193 433 1237 tivus
462 1198 529 1247 31,
562 1197 602 1236 6.
641 1197 709 1246 32,
743 1197 780 1239 1.
821 1195 891 1249 67,
923 1196 963 1236 4.
999 1215 1051 1223 -
1083 1194 1308 1248 κλητικόν

308 1263 562 1319 ἑπίῤῥημα,
600 1275 693 1307 11011
731 1261 979 1307 articulum
1019 1276 1118 1307 esse
1150 1263 1189 1306 ὦ
1223 1261 1305 1306 do-

309 1346 445 1377 cuere
486 1332 762 1388 Apollonius
792 1333 1043 1390 Dyscolus‚
1081 1334 1304 1380 Herodia-

307 1418 416 1458 nus,
456 1403 767 1460 posteriorum
804 1405 1017 1461 plurimi:
1064 1406 1123 1450 ad
1162 1411 1239 1462 62,
1280 1411 1305 1451 5

307 1477 356 1532 (p
387 1476 460 1531 63)

251 1546 457 1591 κλίνεται
485 1546 685 1602 flectitur
712 1547 761 1590 in
793 1547 879 1592 GB
910 1553 978 1602 23,
1009 1553 1035 1592 3

251 1619 433 1672 κλίσις
465 1617 524 1662 de
555 1616 752 1662 flexione
783 1618 1023 1662 nominum
1058 1624 1124 1676 14,
1148 1625 1174 1664 8
1197 1621 1307 1676 (κλί-

307 1692 430 1741 ςεςι).
464 1693 533 1743 61,
560 1682 599 1732 3'
619 1689 872 1746 (κλίςεως),
903 1689 960 1734 (10
990 1689 1187 1735 flexione
1208 1705 1308 1736 ver-

307 1759 474 1803 borum
503 1765 572 1814 53,
605 1765 630 1804 6

251 1828 456 1888 κοινός,
502 1833 635 1887 κοινὴ
676 1833 879 1887 ςυλλαβή
908 1832 1087 1889 syllaba
1117 1844 1307 1878 commu-

304 1902 382 1946 nis
409 1901 504 1946 sive
534 1915 700 1958 anceps
729 1907 798 1957 20,
829 1907 870 1945 4.
905 1928 958 1934 —
990 1905 1150 1949 κοινὸν
1170 1906 1308 1958 γένος

304 1986 446 2030 yenus
476 1986 706 2018 commune
735 1974 973 2018 nominum
1003 1979 1072 2031 25,
1101 1981 1120 2018 1
1145 1975 1231 2021 bis.
1255 2002 1305 2008 —

306 2047 469 2100 κοινὴν
500 2044 663 2089 οὐςίαν
694 2044 927 2100 significat
956 2058 1125 2089 nomen
1147 2046 1307 2103 appel-

304 2115 502 2159 lativum
547 2121 624 2170 34,
665 2121 702 2159 1.
760 2141 811 2146 —
862 2120 1024 2171 κοινῆς
1064 2118 1310 2163 διαθέςεως

304 2185 532 2242 ῥημάτων
562 2200 756 2243 nomen,
801 2199 893 2242 quo
924 2181 1109 2233 infimae
1141 2188 1310 2232 aetatis

219 2294 221 2296 .
305 2256 508 2301 technici
539 2258 757 2311 utuntur,
786 2258 941 2302 ortum
973 2260 1045 2302 est
1065 2273 1122 2303 ex
1143 2260 1307 2304 verbo-

304 2342 407 2371 rum
447 2329 631 2384 generis
672 2328 927 2372 communis
973 2329 1308 2386 appellatione,

307 2412 446 2454 quam
467 2398 603 2443 latini
623 2399 921 2456 grammatici
943 2402 1307 2458 usurpaverunt:

306 2470 365 2514 ad
403 2474 482 2524 48,
518 2475 539 2512 1
581 2474 628 2526 (p
658 2475 757 2525 49),
805 2471 886 2515 ubi
932 2471 1042 2515 addi
1090 2472 1311 2529 poterant

307 2554 426 2596 quae
476 2540 604 2585 Gaza
646 2541 695 2584 in
739 2542 860 2586 libro
899 2542 918 2585 I
961 2542 1097 2587 initio
1145 2543 1310 2601 capitis

308 2614 416 2666 περὶ
456 2613 664 2667 ῥήματος
703 2612 837 2657 dicit:
883 2615 1007 2669 ῥῆμα
1047 2614 1098 2658 δὲ
1135 2615 1192 2659 τὸ
1225 2616 1309 2669 μὲν

304 2684 608 2738 ἐνεργητικὸν
642 2684 745 2728 οἷον
774 2685 958 2739 τύπτω,
991 2686 1050 2728 τὸ
1081 2685 1132 2729 δὲ
1161 2688 1308 2742 παθη-

303 2756 439 2799 τικὸν
470 2754 576 2799 οἷον
607 2756 857 2809 τύπτομαι,
892 2757 949 2799 τὸ
980 2756 1030 2800 δὲ
1052 2757 1192 2809 μέςον
1214 2756 1309 2800 εἴτ’

304 2826 391 2870 οὖν
422 2827 583 2870 κοινὸν
614 2825 718 2870 οἷον
750 2826 979 2882 βιάζομαι,
1010 2827 1068 2870 τὸ
1101 2827 1152 2871 δὲ
1181 2827 1310 2871 οὐδέ-

302 2910 446 2952 τερον
485 2896 588 2941 οἷον
626 2896 846 2951 ὑγιαίνω,
881 2898 939 2942 τὸ
978 2899 1029 2942 δὲ
1059 2898 1308 2953 αὐτοενερ-

304 2969 500 3023 γητικὸν
533 2962 637 3012 οἷον
669 2968 891 3022 μάχομαι,
932 2966 990 3012 τὸ
1020 2969 1071 3012 δὲ
1101 2969 1306 3013 αὐτοπα»

307 3040 500 3093 θητικὸν
531 3038 634 3082 οἷον
665 3039 842 3093 πάςχω,
881 3039 928 3082 et
958 3051 1080 3093 quae
1111 3038 1311 3097 legimus

305 3108 431 3171 apud.
464 3107 699 3154 Lascarim
729 3109 760 3152 l.
793 3109 835 3151 II
866 3123 896 3164 p
921 3114 1002 3154 138
1032 3131 1086 3146 =
1115 3110 1304 3158 Bachm.

303 3179 475 3227 Anecd.
506 3179 550 3222 ΙΙ
580 3186 703 3232 3032:
754 3182 914 3226 κοινὸν
950 3181 1075 3236 ῥῆμα
1107 3182 1202 3226 εἴτε
1233 3184 1306 3237 μέ-

305 3264 385 3294 ςον
432 3252 528 3295 ἐςτὶ
566 3251 623 3294 τὸ
665 3254 812 3307 λῆγον
851 3251 916 3296 εἰς
952 3255 1037 3305 W
1075 3254 1150 3297 καὶ
1188 3256 1306 3299 ποτὲ

305 3322 388 3377 μὲν
411 3322 663 3378 ἐνέργειαν,
695 3324 812 3367 ποτε
832 3323 882 3366 δὲ
904 3323 1053 3368 πάθος
1077 3329 1305 3380 ςημαῑνον

306 3427 487 3439 .....
520 3392 624 3437 οἷον
670 3394 878 3448 βιάζομαι
922 3395 1011 3438 τὸν
1050 3394 1190 3449 φίλον
1231 3398 1306 3439 καὶ

305 3463 511 3518 βιάζομαι
556 3465 652 3508 ὑπὸ
691 3469 777 3508 τοῦ
809 3465 974 3520 φίλου,
1015 3466 1187 3520 ἄγομαι
1219 3467 1306 3510 τὸν

305 3534 562 3589 ἄνθρωπον
593 3538 668 3580 καὶ
700 3536 869 3591 ἄγομαι
899 3537 995 3581 ὑπὸ
1015 3541 1101 3581 τοῦ
1125 3538 1304 3593 ἀνθρώ-

303 3618 395 3648 που
426 3638 437 3648 .
476 3637 486 3646 .
518 3638 527 3647 .
559 3640 568 3650 .
602 3639 611 3648 .
643 3607 728 3651 Δεῖ
771 3608 823 3652 δὲ
868 3607 1062 3663 εἰδέναι,
1114 3610 1187 3652 ὅτι
1233 3623 1311 3652 κα·

305 3676 424 3730 θαρὰ
456 3677 588 3720 κοινὰ
620 3677 754 3731 ὀλίγα
785 3679 892 3734 εἰςί,
934 3680 994 3723 τά
1032 3680 1083 3723 δὲ
1114 3682 1308 3723 πλεῑςτα

301 3750 402 3790 τῶν
448 3750 725 3803 παθητικῶν
776 3755 948 3795 κοινῶς
994 3752 1308 3804 λαμβάνονται

262 3807 273 3817 ’
301 3817 394 3861 ἔθει
424 3818 599 3874 ἀττικῷ

243 3889 444 3944 κοινῶς
493 3888 684 3943 λέγεται
741 3902 911 3935 nomen
961 3876 1304 3949 appellativum

301 3962 372 4015 24,
404 3962 432 4001 4
462 3959 510 4002 et
541 3964 567 4003 5

252 4025 442 4076 κόπτω
473 4030 738 4095 exemplum
767 4031 948 4087 primae
968 4033 1303 4091 barytonorum

309 4098 651 4156 coniugationis
680 4105 748 4156 54,
780 4106 806 4145 2

2308 293 2407 345 155

1353 411 1574 470 κόσμου
1605 417 1767 462 ἕνεκεν
1796 421 1989 462 ornatus
2018 431 2156 463 causa
2186 422 2255 472 96,
2287 425 2312 462 3

1355 490 1376 514 ⁸
1392 486 1699 531 κουκούλλιον
1725 488 1917 544 (duplici
1934 491 1959 532 λ
1984 488 2144 533 littera
2163 489 2405 545 scriptum)

1409 555 1619 601 clausula
1656 558 1953 615 stropharum
1992 561 2406 605 anacreontem-um

1409 626 1495 671 XV
1526 632 1577 672 31
1610 628 1658 672 et
1686 633 1740 672 42

1351 700 1374 723 *
1392 697 1689 754 κουφίζεςθαι
1710 698 1767 743 (10
1791 699 1939 743 vocali
1960 712 2080 754 quae
2103 699 2293 745 eliditur
2313 706 2406 756 112,

1410 774 1449 815 5.
1482 773 1576 823 113,
1607 775 1632 813 3

1351 840 1631 898 κρείσσων
1675 840 1941 897 exemplum
1987 841 2408 898 comparativorum

1408 911 1456 953 in
1489 916 1558 955 qu
1589 910 1901 955 desinentium
1931 915 1999 965 28,
2031 917 2055 954 2

1352 982 1524 1042 κρίνω
1555 981 1823 1038 exemplum
1854 981 2044 1036 quintae
2075 982 2409 1038 barytonorum

1410 1051 1751 1108 coniugationis
1793 1056 1860 1107 56,
1894 1058 1934 1099 3.
1972 1078 2026 1084 —
2066 1054 2092 1097 ὁ
2132 1055 2306 1109 κρίνων
2343 1054 2410 1097 111-

1408 1123 1830 1178 terpretamentum
1881 1124 1955 1167 est
2003 1123 2162 1179 κριτής
2212 1122 2410 1169 nominis
2443 1123 2453 1132 ‘

1407 1198 1477 1248 46,
1508 1198 1548 1237 2.
1582 1195 1608 1238 ὁ
1640 1194 1911 1250 κρινόμενος
1940 1193 2409 1250 interpretamentum

1407 1265 1479 1308 est
1509 1266 1665 1320 κριτός
1695 1263 1896 1307 nominis
1926 1269 1996 1321 46,
2030 1270 2055 1307 2

1350 1336 1534 1395 κρίσις
1573 1337 1851 1392 ποιημάτων
1867 1339 2131 1391 poematum
2153 1335 2410 1381 aestimatio

1410 1411 1450 1460 6,
1482 1411 1507 1449 2

1352 1475 1546 1537 κριτής
1605 1477 1869 1535 exemplum
1927 1467 2126 1522 nominis
2177 1478 2408 1522 actionem

1408 1547 1712 1604 significantis
1741 1552 1810 1603 46,
1841 1554 1866 1592 2

1354 1620 1571 1673 κριτικός.
1595 1622 1703 1676 περὶ
1725 1624 1931 1675 κριτικῆς
1951 1620 2120 1676 τέχνης
2141 1620 2411 1664 nominatur

1412 1702 1486 1733 ars
1506 1689 1552 1733 in
1576 1690 1775 1735 scholio:
1809 1691 1867 1734 ad
1889 1690 2096 1748 inscript.
2119 1690 2311 1736 technes
2332 1706 2362 1748 p
2385 1697 2411 1736 3

1352 1758 1545 1821 κριτὸς
1589 1762 1857 1819 exemplum
1900 1761 2101 1806 nominis
2146 1761 2410 1818 passionem

1409 1831 1712 1889 significantis
1741 1836 1812 1888 46,
1843 1837 1868 1876 2

1355 1904 1511 1958 κρύβω
1549 1902 1813 1961 exemplum
1852 1902 2193 1960 coniugationis
2232 1905 2411 1961 primae

1408 1974 1661 2018 verborum
1692 1974 2030 2031 barytonorum
2063 1974 2187 2031 apud
2217 1973 2411 2019 Priscia-

1408 2059 1542 2099 num,
1598 2046 1678 2102 qui
1727 2043 1976 2102 sumpsisse
2025 2044 2074 2088 id
2119 2045 2305 2090 videtur
2352 2046 2411 2090 ab

1412 2115 1605 2160 Claudio
1636 2115 1859 2174 Didymo:
1892 2116 1953 2160 ad
1983 2120 2050 2170 54,
2085 2121 2110 2159 2

1355 2207 1422 2249 ἦ
1441 2202 1630 2246 litterae
1653 2200 2058 2246 characteristicae
2080 2201 2311 2247 secundae
2331 2203 2411 2247 ba-

1410 2274 1682 2330 rytonorum
1713 2272 2054 2329 coniugationis
2085 2277 2158 2328 55,
2187 2278 2207 2317 1

1354 2360 1566 2416 κτῆσις.
1616 2361 1674 2402 τὸ
1712 2359 1808 2403 ὑπὸ
1846 2361 1936 2414 τὴν
1966 2363 2127 2414 κτῆςιν
2157 2361 2414 2406 πεπτωκὸς

1413 2430 1583 2474 dicitur
1611 2442 1783 2474 nomen
1812 2429 2122 2486 possessivum
2153 2435 2223 2484 26,
2256 2435 2280 2474 7

1355 2514 1632 2572 κτητικός.
1663 2516 1856 2571 κτητικὴ
1890 2520 2067 2560 πτῶςις
2089 2515 2220 2559 aliud
2242 2529 2413 2560 nomen

1411 2588 1484 2631 est
1514 2599 1646 2631 casus
1677 2585 1883 2643 genetivi
1914 2591 1990 2638 31,
2023 2591 2060 2631 7.
2094 2612 2147 2618 —
2190 2587 2414 2642 κτητικὸν

1411 2660 1563 2713 ὄνομα
1601 2670 1765 2702 nomen
1794 2657 2121 2713 possessionem
2149 2657 2416 2715 siqnificans

1410 2733 1479 2784 25,
1511 2733 1552 2775 6.
1585 2733 1654 2783 26,
1687 2732 1726 2772 7.
1765 2742 1794 2773 a
1822 2728 2161 2786 posterioribus
2190 2728 2413 2773 technicis

1411 2802 1553 2845 etiam
1598 2813 1654 2843 ea
1702 2800 1892 2844 nomina
1935 2800 2000 2844 sic
2048 2799 2413 2856 appellabantur

1411 2884 1530 2927 quae
1573 2871 1772 2914 formam
1817 2871 2001 2914 tantum
2047 2862 2440 2926 possessivorum⁷

1410 2942 1607 2985 habent:
1641 2940 1702 2983 ad.
1730 2945 1800 2995 45,
1837 2946 1872 2986 1.
1919 2941 1968 2984 id
1999 2941 2125 2996 quod
2155 2941 2249 2985 iam
2271 2942 2414 2998 Apol-

1411 3013 1561 3057 Ionius
1611 3011 1841 3067 Dyscolus
1890 3012 2028 3056 fecit:
2078 3012 2134 3056 de
2188 3012 2412 3057 adverbio

1411 3089 1530 3141 5772,
1558 3083 1610 3127 Β.
1634 3103 1688 3119 =
1713 3086 1829 3138 166,²9
1868 3082 2028 3135 Sohn„
2077 3087 2196 3140 583„
2217 3105 2271 3120 =
2296 3090 2413 3140 171„⁷

1407 3163 1520 3209 (non
1566 3153 1688 3197 addo
1735 3154 1855 3209 synt.
1901 3158 2016 3208 220„
2063 3154 2175 3208 quia
2222 3154 2297 3198 hic
2336 3157 2413 3199 ἀν-

1407 3230 1530 3282 δρεῑε
1562 3239 1620 3269 ex
1652 3224 1880 3279 Ἑκτόρειε
1913 3225 1961 3268 et
1991 3225 2152 3270 αἰώνιε
2183 3239 2239 3270 ex
2268 3227 2412 3271 Τελα-

1409 3299 1553 3353 μώνιε
1601 3296 1704 3339 orta
1741 3308 1840 3338 esse
1879 3294 2129 3351 videntur).
2168 3321 2221 3328 --
2262 3311 2423 3354 κτητι-.

1409 3371 1485 3413 καὶ
1521 3366 1810 3420 ἀντωνυμίαι
1843 3367 2124 3421 pronomina
2160 3370 2415 3425 possessiva

1407 3444 1475 3492 68,
1497 3444 1523 3481 4
2408 3451 2413 3457 ·

1353 3523 1572 3585 κτήτωρ
1603 3522 1854 3577 usurpatur
1892 3521 1939 3565 in
1979 3522 2294 3570 describendis
2332 3540 2411 3571 no-

1390 3595 1611 3639 ,minibus
1651 3596 1700 3637 et
1735 3592 2088 3650 pronominibus
2125 3598 2410 3652 possessivis.

1410 3670 1639 3722 κτήτορος
1671 3668 1740 3718 27,
1776 3669 1812 3711 1.
1843 3665 2053 3721 κτήτορα
2084 3671 2152 3722 69,
2190 3671 2211 3711 1

1352 3750 1550 3814 κύριον
1587 3751 1738 3803 ὄνομα
1775 3761 1938 3794 nomen
1963 3752 2205 3807 proprium
2235 3754 2410 3798 techni-

1410 3837 1565 3869 corum
1587 3821 1856 3875 latinorum,
1890 3821 1970 3876 qui
1990 3821 2157 3867 melius
2182 3823 2412 3882 interpre-

1405 3897 1498 3940 tari
1518 3891 1740 3952 poterant
1757 3902 1920 3936 nomen
1939 3905 2096 3938 verum
2116 3893 2211 3939 sive
2232 3909 2405 3953 ycrma-

1405 3980 1531 4021 num,
1563 3969 1676 4017 33,1
1700 3964 1749 4008 et
1778 3967 1818 4007 6.
1851 3968 1919 4017 34,
1941 3968 1981 4011 3.
2011 3968 2080 4018 36,
2102 3970 2139 4009 2.
2172 3970 2241 4021 37,
2265 3972 2304 4015 3.
2337 3972 2406 4022 38,

1406 4043 1444 4081 4.
1464 4068 1512 4074 -
1535 4036 1559 4064 ’¹‘
1571 4036 1726 4092 κύριος
1741 4035 1882 4080 τόνος
1907 4038 2120 4080 accentus
2128 4036 2414 4093 principalis

1414 4108 1491 4155 vel
1527 4107 1608 4166 qui
1645 4105 1914 4151 dominatur
1954 4109 2054 4161 110,
2088 4110 2128 4155 6.
2167 4132 2230 4143 —-
2259 4108 2413 4164 κύριαι
