2808 4394
1108 259 1194 303 DE
1224 260 1605 307 PROSODIIS
2326 267 2425 319 109

110 407 254 450 ρει-ιιι»
279 393 504 456 λέγεται.
567 390 829 446 ὀξύτονον
869 389 1043 455 ὄνομα
1079 390 1309 442 καλεῖται
1347 391 1408 443 τὸ
1446 390 1531 442 ἐπὶ
1568 394 1664 443 τοῦ
1701 393 1888 446 τέλους
1926 393 2053 458 ἕχον
2092 395 2187 460 τὴν
2226 394 2424 458 ὀξεῖαν,

214 493 253 524 21
279 476 400 530 οἷον
448 476 647 530 καλός
696 477 902 543 ςοφός
949 474 1243 527 δυνατός.
1318 474 1691 539 παροξύτονον
1737 475 1910 542 ὄνομα
1947 482 2179 531 καλεῖται
2215 480 2278 531 τὸ
2317 480 2424 544 πρὸ

278 563 395 626 μιᾶς
442 563 701 627 ςυλλαβῆς
736 563 833 613 τοῦ
870 560 1059 613 τέλους
1098 559 1226 623 ἔχον
1264 560 1360 623 τὴν
1406 558 1612 626 ὀξεῖαν,
1662 559 1781 612 οἷον
1820 562 2120 627 Ἰωάννης
2156 564 2423 628 Πέτρος.

280 645 763 710 προπαροξύτονον
801 644 975 710 ὄνομα
1011 645 1242 696 καλεῖται
1279 645 1340 695 τὸ
1379 644 1485 708 πρὸ
1524 643 1622 695 δύο
1651 647 1930 711 ςυλλαβῶν
1957 651 2054 700 τοῦ
2079 648 2269 701 τέλους
2294 648 2423 713 ἕχον

215 746 258 779 25
280 730 376 794 τὴν
414 728 620 797 ὀξεῖαν,
659 730 778 783 οἷον
818 728 1167 794 Γρηγόριος
1205 729 1575 794 Θεόδωρος.
2454 737 2484 783 5

416 812 475 867 Ἣ
516 814 885 880 περιςπωμένη
924 813 1127 866 τόπους
1165 813 1274 877 ἔχει
1313 813 1439 880 δύο,
1488 816 1894 881 περιςπώμενον
1933 818 2016 869 καὶ
2054 819 2425 882 προπεριςπώ-

277 1095 627 1151 [stcnsPAm-rA
657 1110 920 1140 SCRIPTVBAE
950 1111 995 1139 IN
1025 1093 1323 1150 LGBOHb]
1387 1094 1413 1138 1
1444 1096 1629 1148 λέγεται
1660 1095 1906 1140 LBOHb:
1938 1100 2148 1141 καλεῖται
2173 1097 2211 1139 G
2238 1099 2244 1151 Ι
2326 1099 2427 1142 ὀξύ-

273 1165 437 1223 τονον]
471 1168 547 1210 καὶ
576 1167 806 1211 ὀξύτονον
837 1168 921 1220 μὲν
942 1165 1122 1210 BOHb
1150 1169 1156 1219 Ι
1239 1167 1296 1209 τὸ
1328 1167 1405 1210 ἐπὶ
1435 1170 1521 1210 τοῦ
1553 1165 1657 1209 Lss:
1690 1171 1775 1211 τοῦ
1808 1168 1885 1211 ἐπὶ
1917 1181 2003 1211 του
2025 1166 2078 1221 G,
2109 1170 2166 1211 τὸ
2198 1169 2273 1211 ἐπὶ
2295 1168 2425 1211 OHb

277 1236 283 1291 Ι
358 1237 482 1291 ἔχων
511 1236 547 1278 L
575 1235 658 1280 sed
697 1236 755 1279 ab
795 1236 962 1280 eadem
999 1249 1143 1279 manu
1184 1251 1210 1280 o
1248 1250 1389 1292 supra,
1426 1237 1674 1293 scriptum,
1719 1239 1843 1291 ἔχων
1873 1237 1973 1282 sine
2005 1240 2274 1282 correctura
2302 1238 2342 1282 G
2414 1244 2416 1280 1

199 1304 210 1308 ’
272 1304 302 1349 2
329 1306 528 1350 δυνατός
559 1319 634 1350 om
666 1306 795 1350 OHb
829 1308 835 1361 Ι
919 1308 1068 1362 ὄνομα
1099 1307 1328 1363 καλεῖται]
1364 1309 1414 1351 δὲ
1445 1307 1574 1351 OHb
1605 1308 1620 1362 ΙΙ
1727 1309 1757 1352 3
1789 1310 1898 1363 post
1926 1310 2098 1364 πέτρος
2131 1309 2223 1352 add
2255 1309 2428 1353 κώνων

275 1377 331 1430 G,
365 1378 526 1421 κόνων
556 1376 631 1433 Bu
717 1377 748 1422 4
779 1377 929 1437 ὄνομα
960 1378 1188 1435 καλεῖται]
1222 1379 1272 1422 δὲ
1302 1377 1432 1422 OHb
1455 1380 1471 1434 ΙΙ
1557 1379 1587 1422 5
1620 1381 1883 1435 θεό,δωρος
1914 1379 1948 1421 L
2494 1376 2496 1378 “

277 1632 675 1688 [DISCREPANTIAE
693 1649 747 1675 ET
765 1647 1038 1677 'rus'rmoum
1059 1649 1296 1677 scnomoR.
1314 1634 1488 1688 (Σσλ)
1504 1649 1811 1677 EROTEMATVM
1836 1635 1916 1689 (Ε)
1934 1649 2142 1681 Amonvn
2169 1634 2426 1691 sempron]

272 1703 298 1747 1
330 1705 561 1748 ὀξύτονον
598 1728 644 1734 -
677 1705 831 1749 ὀξεῖαν
870 1704 1074 1747 testatur
1102 1708 1153 1748 Σ
1179 1709 1299 1759 7141,
1338 1704 1429 1749 nisi
1467 1704 1593 1760 quod
1630 1704 1706 1748 hie
1737 1709 1825 1748 τοῦ
1858 1705 2003 1751 deest.
2065 1718 2140 1748 om
2179 1705 2429 1749 articulum

274 1772 416 1817 etiam
439 1773 531 1818 OV
551 1774 600 1817 in
623 1773 958 1818 commentario
980 1773 1231 1830 Porphyrii
1252 1779 1373 1830 68522
1392 1778 1467 1820 Eg
1489 1773 1957 1819 Schellersheimiana
1980 1774 2219 1830 Arcadius,
2251 1775 2431 1819 habent

273 1843 370 1886 UH
415 1844 598 1889 codices
643 1844 984 1900 explanationis
1029 1844 1382 1901 Porphyrianae
1430 1846 1479 1889 et
1522 1857 1570 1892 σ.
1617 1875 1669 1881 -
1715 1845 1941 1889 Arcadius
1986 1847 2076 1901 τὴν
2120 1859 2307 1901 quoque
2354 1859 2428 1888 orn

272 1915 286 1971 ἷΙ
681 1915 711 1959 2
751 1916 892 1959 καλός
926 1915 1072 1969 ςοφός
1102 1913 1323 1975 ῥυνατός]
1371 1916 1587 1972 exempla
1616 1930 1702 1960 neo
1732 1915 2020 1972 Porphyrius
2050 1929 2137 1960 nec
2169 1929 2429 1972 anonymus

272 1985 504 2042 interpres
544 1986 777 2042 praebent
813 2000 899 2030 neo
937 1987 1013 2030 Eh
1044 1989 1125 2031 Et.
1187 1985 1532 2031 Choeroboseus
1570 1987 1619 2030 in
1657 1988 1716 2031 tr.
1759 1987 1817 2031 de
1856 1986 2086 2043 prosodiis
2125 1991 2245 2042 70720
2284 1988 2334 2031 et
2357 1989 2431 2031 Ev

273 2058 419 2112 ςοφός
451 2058 697 2113 usurpant,
729 2056 957 2100 Arcadius
988 2058 1133 2113 ςοφός
1165 2058 1321 2112 καλός,
1356 2069 1391 2103 o·
1420 2059 1528 2103 Θεός
1560 2059 1706 2114 ςοφός
1737 2059 1843 2102 ὀξύς
1874 2059 2031 2105 καλός.
2091 2061 2165 2102 Eg
2196 2058 2244 2101 et
2274 2056 2430 2101 Schel-

272 2126 410 2170 lersh.
441 2126 619 2170 habent
649 2127 814 2171 eadem
845 2128 939 2170 tria
967 2141 1088 2183 quae
1120 2128 1440 2184 supplementi
1471 2128 1604 2175 codd.
1635 2129 1854 2173 meliores
1908 2131 1915 2184 Ι
2279 2129 2429 2182 ὄνομα

273 2210 350 2241 om
389 2195 509 2251 Arc„
542 2198 693 2252 ὄνομα
724 2201 932 2242 καλεῖται
962 2211 1038 2242 om
1068 2202 1118 2242 Σ
1146 2203 1247 2254 7142
1276 2201 1468 2255 (Anon.)
1490 2201 1506 2255 ΙΙ
1838 2201 1868 2244 3
1899 2202 1990 2254 τὴν
2021 2213 2095 2242 om
2126 2201 2230 2243 Arc.
2422 2199 2428 2256 1

271 2270 362 2323 τὴν
392 2269 569 2324 ὀξεῖαν]
602 2270 690 2313 τὸν
720 2270 865 2313 τόνον
896 2279 931 2314 o·
971 2270 978 2323 Ι
1316 2271 1533 2327 Ἰωάννης
1563 2271 1768 2327 Πέτρος]
1803 2269 1970 2314 eadem
2002 2270 2220 2327 exempla
2248 2270 2331 2314 sed
2361 2270 2429 2314 in-

273 2351 406 2401 verso
453 2338 615 2383 ordine
659 2340 883 2397 leguntur
924 2341 976 2383 in
1021 2343 1108 2386 Eg.
1168 2345 1217 2384 Σ
1252 2344 1371 2397 68530
1424 2340 1615 2398 (Porph)
1662 2342 1857 2397 usurpat
1902 2340 2029 2384 Αἴας.
2093 2341 2238 2385 ceteri
2283 2341 2430 2385 testes

273 2408 567 2465 appellativa
603 2410 801 2454 habent:
851 2422 886 2456 σ
916 2411 1053 2466 φίλος
1091 2412 1198 2456 νέος
1238 2411 1378 2464 λόγος
1417 2412 1677 2468 πρεςβύτης
1718 2412 1936 2467 πολίτης,
1983 2411 2259 2455 Schellersh.
2292 2413 2431 2465 λόγος

221 2476 230 2478 ἵ
274 2479 391 2533 βίος,
422 2483 498 2525 Εν
529 2482 684 2536 λόγος,
717 2480 823 2525 Arc.
856 2481 993 2536 φίλος
1023 2483 1143 2526 νέος.
1195 2483 1336 2538 atque
1368 2483 1505 2537 φίλος
1536 2495 1651 2526 voce
1682 2482 1877 2526 fortasse
1910 2482 2053 2526 etiam
2085 2481 2430 2526 Choeroboscus

272 2549 321 2593 in
349 2551 407 2597 tr.
440 2551 498 2595 de
529 2565 652 2608 pros.
686 2556 806 2609 7072„
835 2551 1084 2607 utebatur,
1126 2553 1209 2597 ubi
1240 2566 1359 2608 quae
1391 2567 1514 2596 nunc
1545 2552 1746 2608 legimus
1778 2555 1924 2609 ςοφός
1955 2554 2217 2608 φιλόςοφος
2249 2554 2429 2608 ἄνθρω-

273 2635 363 2666 πος
401 2622 485 2665 aut
518 2621 568 2665 in
605 2623 751 2677 ςοφός
786 2622 924 2678 φίλος
963 2623 1222 2677 φιλόςοφος
1267 2623 1350 2666 aut
1393 2623 1442 2665 in
1487 2624 1631 2678 ςοφός
1677 2625 1814 2678 φίλος
1853 2625 2106 2679 ἄνθρωπος
2153 2622 2432 2680 corrigenda

272 2691 504 2747 videntur,
536 2693 590 2736 ut
619 2693 875 2739 habeamus
906 2693 1111 2749 oxytoni,
1143 2693 1436 2749 paroxytoni,
1466 2695 1835 2750 proparoxytoni
1863 2694 2080 2750 exempla
2110 2693 2295 2750 singula
2418 2737 2422 2749 Δ

272 2763 471 2817 4ὄνομα
501 2766 710 2809 καλεῖται
727 2777 804 2808 om
834 2768 885 2808 Σ
903 2764 1229 2820 7144(Anon.).
1274 2764 1402 2808 idem
1417 2766 1525 2820 post
1545 2766 1965 2820 προπαροξύτονον
1996 2764 2089 2808 add
2118 2765 2176 2808 τὸ
2198 2767 2272 2809 καὶ
2295 2765 2431 2819 βαρύ-

272 2846 417 2878 τονον
446 2835 545 2879 sine
576 2836 942 2890 παρατέλευτον,
975 2835 1056 2878 cfr.
1089 2838 1164 2880 Ev
1195 2838 1243 2879 Ε
1254 2836 1271 2863 ¹³
1303 2849 1443 2892 supra
1472 2836 1520 2878 in
1551 2850 1582 2891 p
1617 2840 1696 2879 108
1728 2838 1840 2881 extr.
1863 2837 1879 2891 ΙΙ
2070 2836 2100 2880 5
2131 2837 2222 2889 τὴν
2253 2835 2428 2891 ὀξεῖαν]

273 2903 360 2947 τόν
389 2905 535 2949 τόνον
566 2916 602 2951 σ
647 2907 653 2961 Ι
984 2908 1011 2950 Γ
1012 2907 1231 2962 ρηγόριος
1264 2906 1528 2963 Θεόδωρος]
1562 2907 1809 2961 Θεόδωρος
1844 2910 1892 2950 Σ
1920 2910 2021 2961 6866
2055 2905 2265 2962 (Porph),
2301 2906 2432 2949 Νικό-

275 2977 386 3020 λαος
417 2980 600 3032 Σ71411
632 2976 836 3032 (Anon.)‚
872 2978 1114 3032 (τέφανος
1136 2978 1383 3031 Θεόδωρος
1416 2978 1642 3022 Φιλόθεος
1675 2977 1910 3022 Βαςίλειος
1942 2987 1990 3031 σ,
2025 2967 2270 3032 Γρηγόριος
2304 2976 2430 3019 Βαςί-

275 3050 400 3092 λειος
438 3049 514 3092 Eg
560 3048 608 3091 et
652 3046 952 3101 Schellersh.‚
980 3049 1250 3103 ,Θεόδωρος
1289 3051 1385 3102 E',
1431 3046 1563 3091 nulla
1600 3047 1817 3104 exempla
1852 3047 1900 3090 in
1933 3048 2008 3091 Εὴ
2040 3050 2118 3091 Et.
2182 3047 2431 3101 ἄνθρωπος

275 3118 471 3174 usurpat
502 3116 728 3162 Choerob.
762 3119 819 3166 tr,
852 3117 909 3162 de
940 3131 1062 3173 pros.
1094 3122 1234 3174 70720‚
1267 3119 1527 3173 φιλόςοφος
1560 3120 1815 3173 φιλόκαλος
1847 3117 1951 3163 Are.
1994 3118 2009 3173 ΙΙ
2399 3116 2430 3160 6

275 3190 303 3243 ἡ
336 3213 389 3219 -
420 3190 871 3244 προπεριςπώμενον
900 3189 1099 3233 testatur
1129 3193 1179 3233 Σ
1196 3192 1315 3243 68633
1348 3188 1556 3246 (Porph).
1590 3190 1637 3232 in
1659 3193 1709 3233 Σ
1727 3194 1844 3244 71415
1876 3189 2063 3243 (Anon.)
2094 3188 2228 3232 deest
2258 3187 2450 3231 lemma.

275 3260 385 3303 ante
431 3260 504 3303 διὰ
550 3260 596 3303 τί
645 3260 755 3313 δύο;
806 3259 855 3302 in
900 3263 972 3304 Eg
1017 3259 1299 3303 intercidere
1349 3260 1606 3316 praecepta.
1656 3259 1712 3303 de
1764 3251 1877 3303 loeis
1928 3258 2211 3303 circumflexi
2261 3257 2430 3302 omnia.

277 3326 581 3373 Schellersh.:
619 3331 754 3374 πόςοι
783 3330 922 3374 τόποι
952 3334 1037 3384 τῆς
1069 3343 1274 3385 neptum
1320 3331 1427 3373 δύο·
1470 3331 1826 3385 περιςπώμενος
1858 3332 1932 3373 καὶ
1964 3330 2430 3386 προπεριςπώμενος.

279 3483 555 3541 [Luca-mnes
584 3485 799 3543 Anumm]
875 3486 900 3530 1
932 3485 1160 3542 καλεῖται]
1193 3490 1257 3530 est
1297 3489 1303 3540 Ι
1405 3487 1494 3540 τὴν
1525 3486 1698 3541 ὀξεῖαν]
1732 3486 2070 3541 interpretatur
2098 3487 2184 3530 τὸν
2216 3487 2359 3530 τόνον
2418 3487 2431 3541 {3

275 3554 306 3598 2
335 3557 478 3599 καλός
509 3549 654 3611 ςοφός
686 3556 906 3614 δυνατός]
953 3557 1099 3600 habet
1128 3548 1282 3612 Sahay
1318 3556 1348 3598 i.
1380 3569 1418 3599 e.
1450 3556 1608 3600 Isaaci
1637 3569 1808 3600 nomen
1863 3558 1870 3611 Ι
2009 3557 2236 3612 καλεῖται]
2272 3560 2334 3600 est
2420 3557 2433 3612 ΙΙ

278 3625 309 3670 3
345 3628 574 3681 ςυλλαβῆς
607 3640 704 3683 om;
744 3627 814 3671 cfr
844 3626 1154 3671 Choerobosei
1192 3627 1421 3670 tractatus
1460 3627 1517 3670 de
1548 3626 1778 3683 prosodiis
1808 3626 1897 3670 BA
1929 3631 2069 3683 70719:
2110 3627 2264 3672 ἰςτέον
2295 3628 2370 3670 ὅτι
2399 3627 2428 3679 ἡ

279 3688 405 3741 ὸΞεῖα
435 3699 464 3751 ἢ
497 3698 549 3740 ἐν
577 3702 648 3753 τῷ
678 3698 802 3742 τέλει
831 3699 1010 3743 τίθεται
1039 3700 1067 3752 ἢ
1101 3699 1193 3752 πρὸ
1234 3701 1336 3752 μιᾶς
1374 3702 1459 3741 τοῦ
1492 3699 1659 3743 τέλους
1689 3699 1716 3751 ἦ
1750 3699 1842 3753 πρὸ
1872 3699 1956 3742 δύο
2011 3700 2016 3751 Ι
2127 3699 2217 3752 τὴν
2254 3698 2427 3754 ὀξεῖαν]

278 3768 366 3811 τὸν
395 3768 836 3825 τόνον-οοιινοτίῑὶίςΙ
920 3769 1138 3824 Ἰωάννης
1168 3769 1369 3823 Πέτρος]
1404 3782 1546 3810 unum
1577 3768 1712 3811 Petri
1741 3782 1910 3813 nomen
1940 3768 2085 3812 habet
2112 3769 2128 3823 ΙΙ
2220 3767 2251 3811 4
2282 3770 2431 3811 καλεῖ-

278 3843 354 3882 ται
384 3842 448 3882 est
501 3840 509 3893 Ι
662 3841 905 3892 ςυλλαβῶν
935 3852 1039 3894 om,
1085 3838 1193 3882 vide
1226 3838 1286 3882 ad
1323 3838 1388 3880 lin
1420 3844 1445 3881 3
1510 3838 1526 3892 ΙΙ
1680 3838 1709 3883 5
1742 3841 1831 3894 τὴν
1862 3838 2035 3895 ὀξεῖαν]
2069 3840 2157 3882 τὸν
2186 3839 2332 3882 τόνον
2421 3838 2428 3893 Ι

283 3909 530 3964 Γρηγόριος
562 3909 830 3964 Θεόδωρος]
863 3923 1007 3952 unum
1037 3911 1222 3954 tantum
1254 3908 1521 3964 exemplum
1551 3908 1716 3963 habet,
1747 3909 1874 3964 quod
1906 3909 2030 3965 apud
2062 3907 2330 3951 Cirbiedum
2361 3908 2433 3950 est

282 3978 538 4036 Tiyyhiycm
576 3981 652 4036 (ex
689 3980 883 4036 antiquo
920 3980 1257 4037 pronuntiandi
1296 3991 1423 4022 more
1456 3978 1724 4035 Diklikon),
1771 3979 1852 4022 sed
1897 3979 2034 4022 huius
2072 3978 2198 4022 vocis
2242 3977 2430 4021 litterae

280 4039 428 4095 faci-se-
447 4051 620 4095 mutari
650 4051 843 4108 possunt
872 4050 920 4093 in
955 4050 1192 4107 Griyorios
1223 4063 1391 4094 nomen
1434 4050 1449 4104 ΙΙ
1528 4050 1560 4094 6
1591 4052 1620 4105 ἡ
1652 4076 1706 4082 ——
1737 4051 2189 4105 προπεριςπώμενον
2222 4061 2299 4092 om
